<?xml version="1.0" encoding="UTF-8"?>
<!DOCTYPE html PUBLIC "-//W3C//DTD XHTML 1.0 Transitional//EN"
    "http://www.w3.org/TR/xhtml1/DTD/xhtml1-transitional.dtd">
<html xmlns="http://www.w3.org/1999/xhtml" xml:lang="en" lang="en">
 <head>
  <title>
</title>
<meta http-equiv="Content-Type" content="text/html;charset=utf-8" />
  <meta name='ocr-system' content='tesseract 3.04.00' />
  <meta name='ocr-capabilities' content='ocr_page ocr_carea ocr_par ocr_line ocrx_word'/>
</head>
<body>
  <div class='ocr_page' id='page_1' title='image "annalesacademic09unkngoog_0021.png"; bbox 0 0 4967 6175; ppageno 0'>
   <div class='ocr_carea' id='block_1_1' title="bbox 926 656 1839 736">
    <p class='ocr_par' dir='ltr' id='par_1_1' title="bbox 926 656 1839 736">
     <span class='ocr_line' id='line_1_1' title="bbox 926 656 1839 736; baseline 0 -11"><span class='ocrx_word' id='word_1_1' title='bbox 926 656 1208 725; x_wconf 72' lang='lat' dir='ltr'><strong>ORATIO.</strong></span> <span class='ocrx_word' id='word_1_2' title='bbox 1795 658 1839 736; x_wconf 74' lang='lat' dir='ltr'><strong>it</strong></span> 
     </span>
    </p>
   </div>
   <div class='ocr_carea' id='block_1_2' title="bbox 305 864 1837 970">
    <p class='ocr_par' dir='ltr' id='par_1_2' title="bbox 305 864 1837 970">
     <span class='ocr_line' id='line_1_2' title="bbox 305 864 1837 970; baseline -0.005 -19"><span class='ocrx_word' id='word_1_3' title='bbox 305 878 399 951; x_wconf 84' lang='lat' dir='ltr'><strong>certe</strong></span> <span class='ocrx_word' id='word_1_4' title='bbox 429 868 602 970; x_wconf 75' lang='lat' dir='ltr'><strong>qmedem</strong></span> <span class='ocrx_word' id='word_1_5' title='bbox 631 882 708 943; x_wconf 85' lang='lat' dir='ltr'><strong>&#39;esse</strong></span> <span class='ocrx_word' id='word_1_6' title='bbox 737 866 923 965; x_wconf 86' lang='lat' dir='ltr'><strong>dogmnto,</strong></span> <span class='ocrx_word' id='word_1_7' title='bbox 957 864 1002 941; x_wconf 83' lang='lat' dir='ltr'><strong>ob</strong></span> <span class='ocrx_word' id='word_1_8' title='bbox 1024 864 1189 943; x_wconf 88' lang='lat' dir='ltr'><strong>omnihus</strong></span> <span class='ocrx_word' id='word_1_9' title='bbox 1213 864 1420 945; x_wconf 71' lang='lat' dir='ltr'><strong>Christianis</strong></span> <span class='ocrx_word' id='word_1_10' title='bbox 1442 865 1619 956; x_wconf 83' lang='lat' dir='ltr'><strong>edmiere,</strong></span> <span class='ocrx_word' id='word_1_11' title='bbox 1643 864 1774 966; x_wconf 80' lang='lat' dir='ltr'><strong>quihus</strong></span> <span class='ocrx_word' id='word_1_12' title='bbox 1797 866 1837 943; x_wconf 88' lang='lat' dir='ltr'><strong>irr</strong></span> 
     </span>
    </p>
   </div>
   <div class='ocr_carea' id='block_1_3' title="bbox 251 984 1838 4562">
    <p class='ocr_par' dir='ltr' id='par_1_3' title="bbox 251 984 1838 4562">
     <span class='ocr_line' id='line_1_3' title="bbox 307 984 1837 1087; baseline -0.002 -18"><span class='ocrx_word' id='word_1_13' title='bbox 307 992 455 1070; x_wconf 78' lang='lat' dir='ltr'><strong>dubiem</strong></span> <span class='ocrx_word' id='word_1_14' title='bbox 484 987 613 1066; x_wconf 76' lang='lat' dir='ltr'><strong>recede</strong></span> <span class='ocrx_word' id='word_1_15' title='bbox 641 987 718 1087; x_wconf 88' lang='lat' dir='ltr'><strong>ipse</strong></span> <span class='ocrx_word' id='word_1_16' title='bbox 741 984 863 1085; x_wconf 88' lang='lat' dir='ltr'><strong>religio</strong></span> <span class='ocrx_word' id='word_1_17' title='bbox 888 991 1063 1085; x_wconf 85' lang='lat' dir='ltr'><strong>superstes</strong></span> <span class='ocrx_word' id='word_1_18' title='bbox 1087 1008 1162 1061; x_wconf 85' lang='lat' dir='ltr'><strong>esse</strong></span> <span class='ocrx_word' id='word_1_19' title='bbox 1183 986 1361 1085; x_wconf 75' lang='lat' dir='ltr'><strong>nequest?</strong></span> <span class='ocrx_word' id='word_1_20' title='bbox 1397 986 1525 1061; x_wconf 84' lang='lat' dir='ltr'><strong>Nonne</strong></span> <span class='ocrx_word' id='word_1_21' title='bbox 1549 986 1638 1062; x_wconf 86' lang='lat' dir='ltr'><strong>fides</strong></span> <span class='ocrx_word' id='word_1_22' title='bbox 1662 986 1837 1085; x_wconf 75' lang='lat' dir='ltr'><strong>quasdem</strong></span> 
     </span>
     <span class='ocr_line' id='line_1_4' title="bbox 305 1103 1837 1207; baseline -0.001 -18"><span class='ocrx_word' id='word_1_23' title='bbox 305 1111 405 1189; x_wconf 83' lang='lat' dir='ltr'><strong>edest</strong></span> <span class='ocrx_word' id='word_1_24' title='bbox 431 1107 653 1197; x_wconf 75' lang='lat' dir='ltr'><strong>universalis,</strong></span> <span class='ocrx_word' id='word_1_25' title='bbox 678 1130 783 1206; x_wconf 82' lang='lat' dir='ltr'><strong>quem</strong></span> <span class='ocrx_word' id='word_1_26' title='bbox 807 1105 960 1205; x_wconf 89' lang='lat' dir='ltr'><strong>quinon</strong></span> <span class='ocrx_word' id='word_1_27' title='bbox 983 1103 1231 1204; x_wconf 73' lang='lat' dir='ltr'><strong>amplectatur,</strong></span> <span class='ocrx_word' id='word_1_28' title='bbox 1255 1104 1478 1183; x_wconf 69' lang='lat' dir='ltr'><strong>Christianus</strong></span> <span class='ocrx_word' id='word_1_29' title='bbox 1501 1106 1744 1207; x_wconf 69' lang='lat' dir='ltr'><strong>agnoscendos</strong></span> <span class='ocrx_word' id='word_1_30' title='bbox 1765 1131 1837 1188; x_wconf 75' lang='lat' dir='ltr'><strong>eon</strong></span> 
     </span>
     <span class='ocr_line' id='line_1_5' title="bbox 305 1226 1837 1328; baseline 0.002 -22"><span class='ocrx_word' id='word_1_31' title='bbox 305 1232 375 1307; x_wconf 78' lang='lat' dir='ltr'><strong>sit?</strong></span> <span class='ocrx_word' id='word_1_32' title='bbox 410 1228 547 1305; x_wconf 88' lang='lat' dir='ltr'><strong>Audio:</strong></span> <span class='ocrx_word' id='word_1_33' title='bbox 582 1227 748 1328; x_wconf 72' lang='lat' dir='ltr'><strong>qnoniam</strong></span> <span class='ocrx_word' id='word_1_34' title='bbox 778 1249 857 1301; x_wconf 85' lang='lat' dir='ltr'><strong>vero</strong></span> <span class='ocrx_word' id='word_1_35' title='bbox 885 1248 999 1325; x_wconf 91' lang='lat' dir='ltr'><strong>neque</strong></span> <span class='ocrx_word' id='word_1_36' title='bbox 1031 1249 1053 1301; x_wconf 85' lang='lat' dir='ltr'><strong>o</strong></span> <span class='ocrx_word' id='word_1_37' title='bbox 1086 1248 1164 1299; x_wconf 87' lang='lat' dir='ltr'><strong>meo</strong></span> <span class='ocrx_word' id='word_1_38' title='bbox 1196 1248 1312 1324; x_wconf 84' lang='lat' dir='ltr'><strong>neque</strong></span> <span class='ocrx_word' id='word_1_39' title='bbox 1343 1250 1368 1301; x_wconf 87' lang='grc' dir='ltr'><strong>ιι</strong></span> <span class='ocrx_word' id='word_1_40' title='bbox 1390 1226 1517 1303; x_wconf 79' lang='lat' dir='ltr'><strong>Vestro</strong></span> <span class='ocrx_word' id='word_1_41' title='bbox 1539 1228 1671 1327; x_wconf 88' lang='lat' dir='ltr'><strong>pendet</strong></span> <span class='ocrx_word' id='word_1_42' title='bbox 1693 1227 1837 1309; x_wconf 81' lang='lat' dir='ltr'><strong>erhitrio</strong></span> 
     </span>
     <span class='ocr_line' id='line_1_6' title="bbox 306 1336 1837 1449; baseline -0.003 -21"><span class='ocrx_word' id='word_1_43' title='bbox 306 1350 471 1443; x_wconf 78' lang='lat' dir='ltr'><strong>definire,</strong></span> <span class='ocrx_word' id='word_1_44' title='bbox 504 1372 678 1449; x_wconf 80' lang='lat' dir='ltr'><strong>qneenem</strong></span> <span class='ocrx_word' id='word_1_45' title='bbox 704 1347 775 1423; x_wconf 85' lang='lat' dir='ltr'><strong>sint</strong></span> <span class='ocrx_word' id='word_1_46' title='bbox 799 1346 943 1423; x_wconf 88' lang='lat' dir='ltr'><strong>huiusce</strong></span> <span class='ocrx_word' id='word_1_47' title='bbox 969 1345 1053 1421; x_wconf 87' lang='lat' dir='ltr'><strong>fidei</strong></span> <span class='ocrx_word' id='word_1_48' title='bbox 1075 1344 1209 1445; x_wconf 89' lang='lat' dir='ltr'><strong>cepite,</strong></span> <span class='ocrx_word' id='word_1_49' title='bbox 1233 1344 1378 1421; x_wconf 84' lang='lat' dir='ltr'><strong>historio</strong></span> <span class='ocrx_word' id='word_1_50' title='bbox 1402 1344 1491 1423; x_wconf 87' lang='lat' dir='ltr'><strong>duee</strong></span> <span class='ocrx_word' id='word_1_51' title='bbox 1510 1336 1637 1446; x_wconf 72' lang='lat' dir='ltr'><strong>&#39;proed</strong></span> <span class='ocrx_word' id='word_1_52' title='bbox 1658 1347 1768 1423; x_wconf 86' lang='lat' dir='ltr'><strong>dubio</strong></span> <span class='ocrx_word' id='word_1_53' title='bbox 1793 1374 1837 1424; x_wconf 84' lang='lat' dir='ltr'><strong>eo</strong></span> 
     </span>
     <span class='ocr_line' id='line_1_7' title="bbox 305 1466 1834 1570; baseline -0.003 -21"><span class='ocrx_word' id='word_1_54' title='bbox 305 1469 516 1570; x_wconf 70' lang='lat' dir='ltr'><strong>explorando</strong></span> <span class='ocrx_word' id='word_1_55' title='bbox 554 1477 647 1545; x_wconf 85' lang='lat' dir='ltr'><strong>eunt.</strong></span> <span class='ocrx_word' id='word_1_56' title='bbox 710 1468 814 1545; x_wconf 82' lang='lat' dir='ltr'><strong>Hono</strong></span> <span class='ocrx_word' id='word_1_57' title='bbox 849 1490 930 1542; x_wconf 84' lang='lat' dir='ltr'><strong>vern</strong></span> <span class='ocrx_word' id='word_1_58' title='bbox 969 1466 1060 1543; x_wconf 80' lang='lat' dir='ltr'><strong>viem</strong></span> <span class='ocrx_word' id='word_1_59' title='bbox 1096 1466 1246 1567; x_wconf 87' lang='lat' dir='ltr'><strong>ingressi</strong></span> <span class='ocrx_word' id='word_1_60' title='bbox 1281 1466 1447 1566; x_wconf 83' lang='lat' dir='ltr'><strong>dogmets</strong></span> <span class='ocrx_word' id='word_1_61' title='bbox 1483 1466 1553 1542; x_wconf 81' lang='lat' dir='ltr'><strong>isto</strong></span> <span class='ocrx_word' id='word_1_62' title='bbox 1584 1466 1631 1546; x_wconf 88' lang='lat' dir='ltr'><strong>eb</strong></span> <span class='ocrx_word' id='word_1_63' title='bbox 1668 1467 1834 1545; x_wconf 87' lang='lat' dir='ltr'><strong>omnibns</strong></span> 
     </span>
     <span class='ocr_line' id='line_1_8' title="bbox 307 1584 1835 1689; baseline 0.001 -22"><span class='ocrx_word' id='word_1_64' title='bbox 307 1589 514 1667; x_wconf 81' lang='lat' dir='ltr'><strong>Christianis</strong></span> <span class='ocrx_word' id='word_1_65' title='bbox 554 1596 695 1689; x_wconf 79' lang='lat' dir='ltr'><strong>recepte</strong></span> <span class='ocrx_word' id='word_1_66' title='bbox 736 1587 864 1663; x_wconf 78' lang='lat' dir='ltr'><strong>irnetm</strong></span> <span class='ocrx_word' id='word_1_67' title='bbox 898 1584 1206 1687; x_wconf 77' lang='lat' dir='ltr'><strong>circumspicimus</strong></span> <span class='ocrx_word' id='word_1_68' title='bbox 1269 1585 1382 1666; x_wconf 77' lang='lat' dir='ltr'><strong>Adest</strong></span> <span class='ocrx_word' id='word_1_69' title='bbox 1418 1610 1503 1663; x_wconf 83' lang='lat' dir='ltr'><strong>sene</strong></span> <span class='ocrx_word' id='word_1_70' title='bbox 1537 1586 1626 1666; x_wconf 86' lang='lat' dir='ltr'><strong>fides</strong></span> <span class='ocrx_word' id='word_1_71' title='bbox 1660 1587 1835 1686; x_wconf 71' lang='lat' dir='ltr'><strong>quaedem</strong></span> 
     </span>
     <span class='ocr_line' id='line_1_9' title="bbox 306 1694 1835 1801; baseline -0.002 -13"><span class='ocrx_word' id='word_1_72' title='bbox 306 1711 494 1801; x_wconf 86' lang='lat' dir='ltr'><strong>oethoiice,</strong></span> <span class='ocrx_word' id='word_1_73' title='bbox 527 1717 564 1785; x_wconf 85' lang='lat' dir='ltr'><strong>et</strong></span> <span class='ocrx_word' id='word_1_74' title='bbox 592 1694 629 1785; x_wconf 83' lang='lat' dir='ltr'><strong>iri</strong></span> <span class='ocrx_word' id='word_1_75' title='bbox 658 1707 840 1785; x_wconf 91' lang='lat' dir='ltr'><strong>hominum</strong></span> <span class='ocrx_word' id='word_1_76' title='bbox 872 1706 1149 1781; x_wconf 75' lang='lat' dir='ltr'><strong>Christianorum</strong></span> <span class='ocrx_word' id='word_1_77' title='bbox 1172 1705 1319 1795; x_wconf 76' lang='lat' dir='ltr'><strong>animis,</strong></span> <span class='ocrx_word' id='word_1_78' title='bbox 1344 1706 1487 1784; x_wconf 87' lang='lat' dir='ltr'><strong>minime</strong></span> <span class='ocrx_word' id='word_1_79' title='bbox 1515 1730 1595 1783; x_wconf 85' lang='lat' dir='ltr'><strong>vero</strong></span> <span class='ocrx_word' id='word_1_80' title='bbox 1616 1707 1654 1782; x_wconf 90' lang='lat' dir='ltr'><strong>in</strong></span> <span class='ocrx_word' id='word_1_81' title='bbox 1675 1707 1835 1785; x_wconf 79' lang='lat' dir='ltr'><strong>formulis</strong></span> 
     </span>
     <span class='ocr_line' id='line_1_10' title="bbox 306 1824 1835 1928; baseline -0.003 -20"><span class='ocrx_word' id='word_1_82' title='bbox 306 1854 428 1908; x_wconf 76' lang='lat' dir='ltr'><strong>omnm</strong></span> <span class='ocrx_word' id='word_1_83' title='bbox 457 1827 662 1927; x_wconf 77' lang='lat' dir='ltr'><strong>dogmaticis</strong></span> <span class='ocrx_word' id='word_1_84' title='bbox 693 1826 891 1925; x_wconf 79' lang='lat' dir='ltr'><strong>quaerendo</strong></span> <span class='ocrx_word' id='word_1_85' title='bbox 922 1832 987 1901; x_wconf 86' lang='lat' dir='ltr'><strong>eet.</strong></span> <span class='ocrx_word' id='word_1_86' title='bbox 1036 1824 1175 1901; x_wconf 87' lang='lat' dir='ltr'><strong>Herum</strong></span> <span class='ocrx_word' id='word_1_87' title='bbox 1197 1826 1294 1901; x_wconf 89' lang='lat' dir='ltr'><strong>enim</strong></span> <span class='ocrx_word' id='word_1_88' title='bbox 1316 1826 1414 1901; x_wconf 76' lang='lat' dir='ltr'><strong>nnn</strong></span> <span class='ocrx_word' id='word_1_89' title='bbox 1433 1834 1509 1916; x_wconf 87' lang='lat' dir='ltr'><strong>est,</strong></span> <span class='ocrx_word' id='word_1_90' title='bbox 1533 1828 1620 1925; x_wconf 89' lang='lat' dir='ltr'><strong>qnin</strong></span> <span class='ocrx_word' id='word_1_91' title='bbox 1647 1852 1710 1928; x_wconf 91' lang='lat' dir='ltr'><strong>per</strong></span> <span class='ocrx_word' id='word_1_92' title='bbox 1735 1852 1835 1903; x_wconf 86' lang='lat' dir='ltr'><strong>seen·</strong></span> 
     </span>
     <span class='ocr_line' id='line_1_11' title="bbox 306 1944 1833 2046; baseline -0.003 -19"><span class='ocrx_word' id='word_1_93' title='bbox 306 1950 419 2027; x_wconf 89' lang='lat' dir='ltr'><strong>lorum</strong></span> <span class='ocrx_word' id='word_1_94' title='bbox 444 1947 631 2023; x_wconf 70' lang='lat' dir='ltr'><strong>decorem</strong></span> <span class='ocrx_word' id='word_1_95' title='bbox 656 1944 877 2046; x_wconf 78' lang='lat' dir='ltr'><strong>gravissimos</strong></span> <span class='ocrx_word' id='word_1_96' title='bbox 897 1944 1043 2019; x_wconf 85' lang='lat' dir='ltr'><strong>subierit</strong></span> <span class='ocrx_word' id='word_1_97' title='bbox 1063 1945 1285 2023; x_wconf 74' lang='lat' dir='ltr'><strong>mutationes.</strong></span> <span class='ocrx_word' id='word_1_98' title='bbox 1336 1944 1473 2020; x_wconf 78' lang='lat' dir='ltr'><strong>Sumite</strong></span> <span class='ocrx_word' id='word_1_99' title='bbox 1494 1945 1623 2045; x_wconf 72' lang='lat' dir='ltr'><strong>dogma</strong></span> <span class='ocrx_word' id='word_1_100' title='bbox 1640 1946 1833 2045; x_wconf 78' lang='lat' dir='ltr'><strong>quodlibet.</strong></span> 
     </span>
     <span class='ocr_line' id='line_1_12' title="bbox 306 2063 1836 2169; baseline -0.004 -22"><span class='ocrx_word' id='word_1_101' title='bbox 306 2068 470 2169; x_wconf 79' lang='lat' dir='ltr'>Origines</span> <span class='ocrx_word' id='word_1_102' title='bbox 503 2066 597 2145; x_wconf 84' lang='lat' dir='ltr'><strong>illius</strong></span> <span class='ocrx_word' id='word_1_103' title='bbox 629 2066 793 2166; x_wconf 84' lang='lat' dir='ltr'><strong>indogete</strong></span> <span class='ocrx_word' id='word_1_104' title='bbox 825 2066 863 2141; x_wconf 81' lang='lat' dir='ltr'><strong>in</strong></span> <span class='ocrx_word' id='word_1_105' title='bbox 897 2064 989 2139; x_wconf 85' lang='lat' dir='ltr'><strong>Novi</strong></span> <span class='ocrx_word' id='word_1_106' title='bbox 1016 2064 1181 2143; x_wconf 75' lang='lat' dir='ltr'><strong>Foederis</strong></span> <span class='ocrx_word' id='word_1_107' title='bbox 1208 2063 1317 2139; x_wconf 87' lang='lat' dir='ltr'><strong>libris.</strong></span> <span class='ocrx_word' id='word_1_108' title='bbox 1366 2065 1444 2139; x_wconf 84' lang='lat' dir='ltr'><strong>iem</strong></span> <span class='ocrx_word' id='word_1_109' title='bbox 1466 2065 1503 2143; x_wconf 87' lang='lat' dir='ltr'><strong>in</strong></span> <span class='ocrx_word' id='word_1_110' title='bbox 1526 2064 1582 2141; x_wconf 87' lang='lat' dir='ltr'><strong>his</strong></span> <span class='ocrx_word' id='word_1_111' title='bbox 1605 2065 1702 2141; x_wconf 85' lang='lat' dir='ltr'><strong>hond</strong></span> <span class='ocrx_word' id='word_1_112' title='bbox 1724 2090 1836 2165; x_wconf 80' lang='lat' dir='ltr'><strong>penes</strong></span> 
     </span>
     <span class='ocr_line' id='line_1_13' title="bbox 304 2184 1835 2284; baseline -0.001 -19"><span class='ocrx_word' id='word_1_113' title='bbox 304 2186 589 2265; x_wconf 78' lang='lat' dir='ltr'><strong>animadvertetis</strong></span> <span class='ocrx_word' id='word_1_114' title='bbox 613 2186 823 2263; x_wconf 84' lang='lat' dir='ltr'><strong>discrimine.</strong></span> <span class='ocrx_word' id='word_1_115' title='bbox 872 2185 964 2265; x_wconf 76' lang='lat' dir='ltr'><strong>Quis</strong></span> <span class='ocrx_word' id='word_1_116' title='bbox 987 2184 1090 2261; x_wconf 92' lang='lat' dir='ltr'><strong>hodie</strong></span> <span class='ocrx_word' id='word_1_117' title='bbox 1114 2185 1246 2273; x_wconf 84' lang='lat' dir='ltr'><strong>nescit,</strong></span> <span class='ocrx_word' id='word_1_118' title='bbox 1270 2184 1409 2284; x_wconf 89' lang='lat' dir='ltr'><strong>longine</strong></span> <span class='ocrx_word' id='word_1_119' title='bbox 1431 2209 1453 2262; x_wconf 88' lang='lat' dir='ltr'><strong>e</strong></span> <span class='ocrx_word' id='word_1_120' title='bbox 1475 2210 1513 2261; x_wconf 86' lang='lat' dir='ltr'><strong>se</strong></span> <span class='ocrx_word' id='word_1_121' title='bbox 1532 2184 1682 2263; x_wconf 79' lang='lat' dir='ltr'><strong>invicem</strong></span> <span class='ocrx_word' id='word_1_122' title='bbox 1704 2186 1835 2263; x_wconf 81' lang='lat' dir='ltr'><strong>dietere</strong></span> 
     </span>
     <span class='ocr_line' id='line_1_14' title="bbox 251 2305 1835 2406; baseline -0.001 -21"><span class='ocrx_word' id='word_1_123' title='bbox 251 2318 257 2325; x_wconf 83' lang='lat'>&#39;</span> <span class='ocrx_word' id='word_1_124' title='bbox 306 2332 458 2394; x_wconf 69' lang='lat' dir='ltr'><strong>rinnon</strong></span> <span class='ocrx_word' id='word_1_125' title='bbox 491 2315 528 2385; x_wconf 91' lang='lat' dir='ltr'><strong>et</strong></span> <span class='ocrx_word' id='word_1_126' title='bbox 557 2330 743 2397; x_wconf 79' lang='lat' dir='ltr'><strong>moeson,</strong></span> <span class='ocrx_word' id='word_1_127' title='bbox 778 2306 823 2381; x_wconf 88' lang='lat' dir='ltr'><strong>ob</strong></span> <span class='ocrx_word' id='word_1_128' title='bbox 856 2314 1005 2406; x_wconf 85' lang='lat' dir='ltr'><strong>utroque</strong></span> <span class='ocrx_word' id='word_1_129' title='bbox 1037 2305 1294 2405; x_wconf 75' lang='lat' dir='ltr'><strong>Apoealypseos</strong></span> <span class='ocrx_word' id='word_1_130' title='bbox 1324 2307 1527 2381; x_wconf 76' lang='lat' dir='ltr'>auctorem?</span> <span class='ocrx_word' id='word_1_131' title='bbox 1569 2305 1686 2383; x_wconf 78' lang='lat' dir='ltr'><strong>Unsm</strong></span> <span class='ocrx_word' id='word_1_132' title='bbox 1713 2305 1835 2383; x_wconf 79' lang='lat' dir='ltr'><strong>efferre</strong></span> 
     </span>
     <span class='ocr_line' id='line_1_15' title="bbox 304 2424 1836 2531; baseline -0.004 -21"><span class='ocrx_word' id='word_1_133' title='bbox 304 2430 408 2510; x_wconf 77' lang='lat' dir='ltr'><strong>liceat</strong></span> <span class='ocrx_word' id='word_1_134' title='bbox 442 2427 721 2528; x_wconf 85' lang='lat' dir='ltr'><strong>christologiem,</strong></span> <span class='ocrx_word' id='word_1_135' title='bbox 755 2450 846 2527; x_wconf 83' lang='lat' dir='ltr'><strong>quoe</strong></span> <span class='ocrx_word' id='word_1_136' title='bbox 880 2426 1038 2503; x_wconf 87' lang='lat' dir='ltr'><strong>omnium</strong></span> <span class='ocrx_word' id='word_1_137' title='bbox 1070 2425 1180 2501; x_wconf 87' lang='lat' dir='ltr'><strong>inster</strong></span> <span class='ocrx_word' id='word_1_138' title='bbox 1211 2424 1269 2501; x_wconf 85' lang='lat' dir='ltr'><strong>sit.</strong></span> <span class='ocrx_word' id='word_1_139' title='bbox 1319 2425 1411 2505; x_wconf 79' lang='lat' dir='ltr'><strong>Quis</strong></span> <span class='ocrx_word' id='word_1_140' title='bbox 1444 2424 1532 2531; x_wconf 84' lang='lat' dir='ltr'><strong>mihi</strong></span> <span class='ocrx_word' id='word_1_141' title='bbox 1565 2448 1715 2501; x_wconf 75' lang='lat' dir='ltr'><strong>necnon</strong></span> <span class='ocrx_word' id='word_1_142' title='bbox 1751 2448 1836 2506; x_wconf 89' lang='lat' dir='ltr'><strong>cum</strong></span> 
     </span>
     <span class='ocr_line' id='line_1_16' title="bbox 304 2545 1836 2647; baseline -0.003 -22"><span class='ocrx_word' id='word_1_143' title='bbox 304 2548 463 2647; x_wconf 72' lang='lat' dir='ltr'><strong>Epistola</strong></span> <span class='ocrx_word' id='word_1_144' title='bbox 490 2548 537 2625; x_wconf 86' lang='lat' dir='ltr'><strong>ed</strong></span> <span class='ocrx_word' id='word_1_145' title='bbox 570 2547 771 2637; x_wconf 73' lang='lat' dir='ltr'><strong>Hemeseo,</strong></span> <span class='ocrx_word' id='word_1_146' title='bbox 806 2546 886 2645; x_wconf 88' lang='lat' dir='ltr'><strong>quie</strong></span> <span class='ocrx_word' id='word_1_147' title='bbox 917 2546 1184 2623; x_wconf 78' lang='lat' dir='ltr'><strong>alterumntrum</strong></span> <span class='ocrx_word' id='word_1_148' title='bbox 1215 2569 1297 2621; x_wconf 86' lang='lat' dir='ltr'><strong>enm</strong></span> <span class='ocrx_word' id='word_1_149' title='bbox 1330 2568 1504 2623; x_wconf 80' lang='lat' dir='ltr'><strong>ronnorns</strong></span> <span class='ocrx_word' id='word_1_150' title='bbox 1531 2545 1687 2623; x_wconf 89' lang='lat' dir='ltr'><strong>doctrine</strong></span> <span class='ocrx_word' id='word_1_151' title='bbox 1713 2546 1757 2621; x_wconf 90' lang='lat' dir='ltr'><strong>de</strong></span> <span class='ocrx_word' id='word_1_152' title='bbox 1780 2552 1836 2644; x_wconf 70' lang='grc' dir='ltr'><strong>τῷ</strong></span> 
     </span>
     <span class='ocr_line' id='line_1_17' title="bbox 303 2664 1836 2771; baseline -0.001 -24"><span class='ocrx_word' id='word_1_153' title='bbox 303 2672 426 2771; x_wconf 77' lang='grc' dir='ltr'><strong>Λόγῳ</strong></span> <span class='ocrx_word' id='word_1_154' title='bbox 446 2669 484 2745; x_wconf 91' lang='lat' dir='ltr'><strong>in</strong></span> <span class='ocrx_word' id='word_1_155' title='bbox 517 2668 736 2745; x_wconf 85' lang='lat' dir='ltr'><strong>concordiem</strong></span> <span class='ocrx_word' id='word_1_156' title='bbox 757 2666 919 2767; x_wconf 77' lang='lat' dir='ltr'><strong>rediget?</strong></span> <span class='ocrx_word' id='word_1_157' title='bbox 954 2666 1025 2741; x_wconf 87' lang='lat' dir='ltr'><strong>Sed</strong></span> <span class='ocrx_word' id='word_1_158' title='bbox 1051 2664 1197 2740; x_wconf 84' lang='lat' dir='ltr'><strong>ulterius</strong></span> <span class='ocrx_word' id='word_1_159' title='bbox 1221 2665 1514 2764; x_wconf 85' lang='lat' dir='ltr'><strong>progrediendum</strong></span> <span class='ocrx_word' id='word_1_160' title='bbox 1537 2673 1602 2742; x_wconf 86' lang='lat' dir='ltr'><strong>est.</strong></span> <span class='ocrx_word' id='word_1_161' title='bbox 1651 2666 1836 2745; x_wconf 70' lang='lat' dir='ltr'><strong>Attendite</strong></span> 
     </span>
     <span class='ocr_line' id='line_1_18' title="bbox 303 2785 1838 2888; baseline 0.001 -26"><span class='ocrx_word' id='word_1_162' title='bbox 303 2787 417 2888; x_wconf 86' lang='lat' dir='ltr'><strong>igitur</strong></span> <span class='ocrx_word' id='word_1_163' title='bbox 448 2788 494 2865; x_wconf 86' lang='lat' dir='ltr'><strong>ed</strong></span> <span class='ocrx_word' id='word_1_164' title='bbox 530 2786 799 2875; x_wconf 75' lang='lat' dir='ltr'><strong>oennoversios,</strong></span> <span class='ocrx_word' id='word_1_165' title='bbox 835 2786 880 2859; x_wconf 91' lang='lat' dir='ltr'><strong>de</strong></span> <span class='ocrx_word' id='word_1_166' title='bbox 915 2786 1038 2861; x_wconf 90' lang='lat' dir='ltr'><strong>eodem</strong></span> <span class='ocrx_word' id='word_1_167' title='bbox 1075 2795 1283 2884; x_wconf 76' lang='lat' dir='ltr'><strong>argumento</strong></span> <span class='ocrx_word' id='word_1_168' title='bbox 1312 2785 1517 2885; x_wconf 73' lang='lat' dir='ltr'><strong>gravissimo</strong></span> <span class='ocrx_word' id='word_1_169' title='bbox 1544 2810 1608 2887; x_wconf 86' lang='lat' dir='ltr'><strong>per</strong></span> <span class='ocrx_word' id='word_1_170' title='bbox 1634 2792 1688 2863; x_wconf 87' lang='lat' dir='ltr'><strong>tet</strong></span> <span class='ocrx_word' id='word_1_171' title='bbox 1720 2786 1838 2863; x_wconf 85' lang='lat' dir='ltr'><strong>eecule</strong></span> 
     </span>
     <span class='ocr_line' id='line_1_19' title="bbox 307 2904 1837 3006; baseline 0 -25"><span class='ocrx_word' id='word_1_172' title='bbox 307 2907 469 3006; x_wconf 83' lang='lat' dir='ltr'><strong>sgitotes.</strong></span> <span class='ocrx_word' id='word_1_173' title='bbox 518 2906 601 2982; x_wconf 86' lang='lat' dir='ltr'><strong>Non</strong></span> <span class='ocrx_word' id='word_1_174' title='bbox 633 2904 805 2980; x_wconf 86' lang='lat' dir='ltr'><strong>simulet</strong></span> <span class='ocrx_word' id='word_1_175' title='bbox 836 2904 942 2981; x_wconf 89' lang='lat' dir='ltr'><strong>semel</strong></span> <span class='ocrx_word' id='word_1_176' title='bbox 974 2904 1035 2979; x_wconf 88' lang='lat' dir='ltr'><strong>sed</strong></span> <span class='ocrx_word' id='word_1_177' title='bbox 1066 2904 1281 3003; x_wconf 80' lang='lat' dir='ltr'><strong>pedetentim</strong></span> <span class='ocrx_word' id='word_1_178' title='bbox 1314 2905 1486 2979; x_wconf 71' lang='lat' dir='ltr'><strong>sententie</strong></span> <span class='ocrx_word' id='word_1_179' title='bbox 1508 2929 1569 2993; x_wconf 84' lang='lat' dir='ltr'><strong>eo,</strong></span> <span class='ocrx_word' id='word_1_180' title='bbox 1601 2930 1692 3004; x_wconf 82' lang='lat' dir='ltr'><strong>quoe</strong></span> <span class='ocrx_word' id='word_1_181' title='bbox 1716 2916 1837 3003; x_wconf 79' lang='lat' dir='ltr'><strong>postes</strong></span> 
     </span>
     <span class='ocr_line' id='line_1_20' title="bbox 302 3020 1837 3126; baseline -0.002 -26"><span class='ocrx_word' id='word_1_182' title='bbox 302 3024 461 3126; x_wconf 85' lang='lat' dir='ltr'><strong>pinriom</strong></span> <span class='ocrx_word' id='word_1_183' title='bbox 481 3022 659 3122; x_wconf 73' lang='lat' dir='ltr'><strong>suffragiis</strong></span> <span class='ocrx_word' id='word_1_184' title='bbox 682 3022 814 3100; x_wconf 73' lang='lat' dir='ltr'><strong>sancite</strong></span> <span class='ocrx_word' id='word_1_185' title='bbox 841 3029 914 3110; x_wconf 87' lang='lat' dir='ltr'><strong>est,</strong></span> <span class='ocrx_word' id='word_1_186' title='bbox 938 3020 1093 3096; x_wconf 82' lang='lat' dir='ltr'><strong>exoritur</strong></span> <span class='ocrx_word' id='word_1_187' title='bbox 1113 3029 1150 3096; x_wconf 91' lang='lat' dir='ltr'><strong>et</strong></span> <span class='ocrx_word' id='word_1_188' title='bbox 1173 3022 1378 3101; x_wconf 71' lang='lat' dir='ltr'><strong>ammento</strong></span> <span class='ocrx_word' id='word_1_189' title='bbox 1399 3023 1532 3099; x_wconf 86' lang='lat' dir='ltr'><strong>crescit.</strong></span> <span class='ocrx_word' id='word_1_190' title='bbox 1580 3022 1730 3122; x_wconf 77' lang='lat' dir='ltr'><strong>Singula</strong></span> <span class='ocrx_word' id='word_1_191' title='bbox 1746 3024 1837 3122; x_wconf 83' lang='lat' dir='ltr'><strong>Syn·</strong></span> 
     </span>
     <span class='ocr_line' id='line_1_21' title="bbox 300 3139 1837 3242; baseline -0.003 -20"><span class='ocrx_word' id='word_1_192' title='bbox 300 3145 451 3222; x_wconf 84' lang='lat' dir='ltr'><strong>odorum</strong></span> <span class='ocrx_word' id='word_1_193' title='bbox 490 3143 627 3220; x_wconf 83' lang='lat' dir='ltr'><strong>deeretc</strong></span> <span class='ocrx_word' id='word_1_194' title='bbox 662 3165 771 3218; x_wconf 85' lang='lat' dir='ltr'><strong>novoe</strong></span> <span class='ocrx_word' id='word_1_195' title='bbox 804 3139 987 3218; x_wconf 77' lang='lat' dir='ltr'><strong>cuiusdam</strong></span> <span class='ocrx_word' id='word_1_196' title='bbox 1022 3139 1269 3241; x_wconf 78' lang='lat' dir='ltr'><strong>disputationis</strong></span> <span class='ocrx_word' id='word_1_197' title='bbox 1312 3141 1446 3218; x_wconf 86' lang='lat' dir='ltr'><strong>semino</strong></span> <span class='ocrx_word' id='word_1_198' title='bbox 1484 3141 1686 3233; x_wconf 84' lang='lat' dir='ltr'><strong>eont&#39;ment,</strong></span> <span class='ocrx_word' id='word_1_199' title='bbox 1723 3167 1837 3242; x_wconf 78' lang='lat' dir='ltr'><strong>quse,</strong></span> 
     </span>
     <span class='ocr_line' id='line_1_22' title="bbox 302 3260 1836 3367; baseline 0.001 -25"><span class='ocrx_word' id='word_1_200' title='bbox 302 3263 416 3342; x_wconf 90' lang='lat' dir='ltr'><strong>dubio</strong></span> <span class='ocrx_word' id='word_1_201' title='bbox 435 3264 551 3342; x_wconf 86' lang='lat' dir='ltr'><strong>Morte</strong></span> <span class='ocrx_word' id='word_1_202' title='bbox 571 3261 788 3362; x_wconf 77' lang='lat' dir='ltr'><strong>aliquamdiu</strong></span> <span class='ocrx_word' id='word_1_203' title='bbox 808 3261 958 3362; x_wconf 77' lang='lat' dir='ltr'><strong>agitato,</strong></span> <span class='ocrx_word' id='word_1_204' title='bbox 984 3260 1182 3338; x_wconf 85' lang='lat' dir='ltr'><strong>subtiliores</strong></span> <span class='ocrx_word' id='word_1_205' title='bbox 1199 3261 1315 3362; x_wconf 80' lang='lat' dir='ltr'><strong>gignit</strong></span> <span class='ocrx_word' id='word_1_206' title='bbox 1330 3261 1521 3367; x_wconf 46' lang='lat' dir='ltr'><strong>termulen</strong></span> <span class='ocrx_word' id='word_1_207' title='bbox 1541 3287 1691 3361; x_wconf 77' lang='lat' dir='ltr'><strong>qnorum</strong></span> <span class='ocrx_word' id='word_1_208' title='bbox 1712 3265 1836 3344; x_wconf 85' lang='lat' dir='ltr'><strong>eedem</strong></span> 
     </span>
     <span class='ocr_line' id='line_1_23' title="bbox 301 3381 1838 3484; baseline 0.001 -22"><span class='ocrx_word' id='word_1_209' title='bbox 301 3391 409 3466; x_wconf 84' lang='lat' dir='ltr'><strong>erunt</strong></span> <span class='ocrx_word' id='word_1_210' title='bbox 443 3382 525 3462; x_wconf 84' lang='lat' dir='ltr'><strong>fote.</strong></span> <span class='ocrx_word' id='word_1_211' title='bbox 576 3382 732 3458; x_wconf 66' lang='lat' dir='ltr'><strong>[ihndem</strong></span> <span class='ocrx_word' id='word_1_212' title='bbox 766 3381 926 3484; x_wconf 87' lang='lat' dir='ltr'><strong>ingentes</strong></span> <span class='ocrx_word' id='word_1_213' title='bbox 962 3381 1042 3458; x_wconf 89' lang='lat' dir='ltr'><strong>illee</strong></span> <span class='ocrx_word' id='word_1_214' title='bbox 1081 3382 1160 3458; x_wconf 88' lang='lat' dir='ltr'><strong>lites</strong></span> <span class='ocrx_word' id='word_1_215' title='bbox 1196 3381 1408 3482; x_wconf 86' lang='lat' dir='ltr'><strong>compositee</strong></span> <span class='ocrx_word' id='word_1_216' title='bbox 1444 3407 1522 3459; x_wconf 87' lang='lat' dir='ltr'><strong>esee</strong></span> <span class='ocrx_word' id='word_1_217' title='bbox 1554 3383 1737 3475; x_wconf 83' lang='lat' dir='ltr'><strong>videntm,</strong></span> <span class='ocrx_word' id='word_1_218' title='bbox 1771 3384 1838 3464; x_wconf 81' lang='lat' dir='ltr'><strong>sed</strong></span> 
     </span>
     <span class='ocr_line' id='line_1_24' title="bbox 305 3502 1835 3593; baseline 0 -13"><span class='ocrx_word' id='word_1_219' title='bbox 305 3510 446 3580; x_wconf 82' lang='lat' dir='ltr'><strong>tentum</strong></span> <span class='ocrx_word' id='word_1_220' title='bbox 480 3502 581 3582; x_wconf 82' lang='lat' dir='ltr'><strong>abest</strong></span> <span class='ocrx_word' id='word_1_221' title='bbox 616 3511 656 3578; x_wconf 89' lang='lat' dir='ltr'><strong>nt</strong></span> <span class='ocrx_word' id='word_1_222' title='bbox 679 3526 758 3578; x_wconf 85' lang='lat' dir='ltr'><strong>rere</strong></span> <span class='ocrx_word' id='word_1_223' title='bbox 779 3503 871 3578; x_wconf 87' lang='lat' dir='ltr'><strong>edsit</strong></span> <span class='ocrx_word' id='word_1_224' title='bbox 895 3502 1109 3580; x_wconf 85' lang='lat' dir='ltr'><strong>diversorum</strong></span> <span class='ocrx_word' id='word_1_225' title='bbox 1131 3503 1383 3578; x_wconf 87' lang='lat' dir='ltr'><strong>elementorum</strong></span> <span class='ocrx_word' id='word_1_226' title='bbox 1408 3502 1610 3593; x_wconf 70' lang='lat' dir='ltr'><strong>concordie,</strong></span> <span class='ocrx_word' id='word_1_227' title='bbox 1640 3511 1683 3579; x_wconf 88' lang='lat' dir='ltr'><strong>ut</strong></span> <span class='ocrx_word' id='word_1_228' title='bbox 1701 3504 1835 3580; x_wconf 76' lang='lat' dir='ltr'><strong>Lethe-</strong></span> 
     </span>
     <span class='ocr_line' id='line_1_25' title="bbox 303 3622 1836 3724; baseline 0.001 -21"><span class='ocrx_word' id='word_1_229' title='bbox 303 3647 470 3703; x_wconf 82' lang='lat' dir='ltr'><strong>renornrn</strong></span> <span class='ocrx_word' id='word_1_230' title='bbox 506 3631 543 3700; x_wconf 85' lang='lat' dir='ltr'><strong>et</strong></span> <span class='ocrx_word' id='word_1_231' title='bbox 575 3622 855 3700; x_wconf 84' lang='lat' dir='ltr'><strong>Reiormetmnm</strong></span> <span class='ocrx_word' id='word_1_232' title='bbox 881 3623 1054 3714; x_wconf 84' lang='lat' dir='ltr'><strong>inmitioe,</strong></span> <span class='ocrx_word' id='word_1_233' title='bbox 1086 3647 1237 3724; x_wconf 83' lang='lat' dir='ltr'><strong>querum</strong></span> <span class='ocrx_word' id='word_1_234' title='bbox 1268 3631 1416 3723; x_wconf 84' lang='lat' dir='ltr'><strong>utreque</strong></span> <span class='ocrx_word' id='word_1_235' title='bbox 1443 3623 1574 3724; x_wconf 86' lang='lat' dir='ltr'><strong>dogme</strong></span> <span class='ocrx_word' id='word_1_236' title='bbox 1601 3623 1836 3705; x_wconf 67' lang='lat' dir='ltr'><strong>octodorum</strong></span> 
     </span>
     <span class='ocr_line' id='line_1_26' title="bbox 300 3743 1835 3845; baseline 0.002 -25"><span class='ocrx_word' id='word_1_237' title='bbox 300 3743 467 3844; x_wconf 80' lang='lat' dir='ltr'><strong>emplere</strong></span> <span class='ocrx_word' id='word_1_238' title='bbox 494 3751 575 3832; x_wconf 82' lang='lat' dir='ltr'><strong>est,</strong></span> <span class='ocrx_word' id='word_1_239' title='bbox 608 3743 718 3820; x_wconf 76' lang='lat' dir='ltr'><strong>series</strong></span> <span class='ocrx_word' id='word_1_240' title='bbox 749 3743 787 3820; x_wconf 91' lang='lat' dir='ltr'><strong>in</strong></span> <span class='ocrx_word' id='word_1_241' title='bbox 818 3743 878 3820; x_wconf 89' lang='lat' dir='ltr'><strong>ilio</strong></span> <span class='ocrx_word' id='word_1_242' title='bbox 907 3743 1111 3844; x_wconf 77' lang='lat' dir='ltr'><strong>explicando</strong></span> <span class='ocrx_word' id='word_1_243' title='bbox 1142 3753 1179 3820; x_wconf 85' lang='lat' dir='ltr'><strong>et</strong></span> <span class='ocrx_word' id='word_1_244' title='bbox 1207 3743 1406 3822; x_wconf 85' lang='lat' dir='ltr'><strong>edhihendo</strong></span> <span class='ocrx_word' id='word_1_245' title='bbox 1426 3743 1515 3820; x_wconf 91' lang='lat' dir='ltr'><strong>inire</strong></span> <span class='ocrx_word' id='word_1_246' title='bbox 1538 3745 1717 3845; x_wconf 81' lang='lat' dir='ltr'><strong>potuerint</strong></span> <span class='ocrx_word' id='word_1_247' title='bbox 1740 3745 1835 3837; x_wconf 78' lang='lat' dir='ltr'><strong>viee,</strong></span> 
     </span>
     <span class='ocr_line' id='line_1_27' title="bbox 300 3862 1836 3965; baseline 0.002 -26"><span class='ocrx_word' id='word_1_248' title='bbox 300 3887 457 3963; x_wconf 76' lang='lat' dir='ltr'><strong>qnorum</strong></span> <span class='ocrx_word' id='word_1_249' title='bbox 488 3863 520 3941; x_wconf 87' lang='lat' dir='ltr'><strong>ei</strong></span> <span class='ocrx_word' id='word_1_250' title='bbox 555 3863 698 3940; x_wconf 86' lang='lat' dir='ltr'><strong>elterom</strong></span> <span class='ocrx_word' id='word_1_251' title='bbox 732 3862 878 3964; x_wconf 86' lang='lat' dir='ltr'><strong>probes,</strong></span> <span class='ocrx_word' id='word_1_252' title='bbox 914 3863 1057 3940; x_wconf 84' lang='lat' dir='ltr'><strong>clterem</strong></span> <span class='ocrx_word' id='word_1_253' title='bbox 1085 3863 1318 3965; x_wconf 83' lang='lat' dir='ltr'><strong>reprehendes</strong></span> <span class='ocrx_word' id='word_1_254' title='bbox 1341 3887 1482 3940; x_wconf 89' lang='lat' dir='ltr'><strong>neeesse</strong></span> <span class='ocrx_word' id='word_1_255' title='bbox 1508 3873 1573 3942; x_wconf 86' lang='lat' dir='ltr'><strong>eet.</strong></span> <span class='ocrx_word' id='word_1_256' title='bbox 1622 3865 1691 3942; x_wconf 79' lang='lat' dir='ltr'><strong>&#39;hot</strong></span> <span class='ocrx_word' id='word_1_257' title='bbox 1718 3872 1836 3942; x_wconf 84' lang='lat' dir='ltr'><strong>tentse</strong></span> 
     </span>
     <span class='ocr_line' id='line_1_28' title="bbox 307 3983 1835 4086; baseline 0.001 -26"><span class='ocrx_word' id='word_1_258' title='bbox 307 3992 391 4060; x_wconf 83' lang='lat' dir='ltr'><strong>sunt</strong></span> <span class='ocrx_word' id='word_1_259' title='bbox 411 3983 657 4083; x_wconf 84' lang='lat' dir='ltr'><strong>christologiee</strong></span> <span class='ocrx_word' id='word_1_260' title='bbox 689 3983 964 4074; x_wconf 83' lang='lat' dir='ltr'><strong>vicissitudines,</strong></span> <span class='ocrx_word' id='word_1_261' title='bbox 996 3992 1037 4059; x_wconf 91' lang='lat' dir='ltr'><strong>nt</strong></span> <span class='ocrx_word' id='word_1_262' title='bbox 1069 3985 1166 4062; x_wconf 87' lang='lat' dir='ltr'><strong>nulle</strong></span> <span class='ocrx_word' id='word_1_263' title='bbox 1194 3984 1386 4085; x_wconf 72' lang='lat' dir='ltr'><strong>excogitari</strong></span> <span class='ocrx_word' id='word_1_264' title='bbox 1417 3984 1527 4084; x_wconf 79' lang='lat' dir='ltr'><strong>possit</strong></span> <span class='ocrx_word' id='word_1_265' title='bbox 1545 3984 1713 4076; x_wconf 73' lang='lat' dir='ltr'><strong>termule,</strong></span> <span class='ocrx_word' id='word_1_266' title='bbox 1743 4008 1835 4086; x_wconf 88' lang='lat' dir='ltr'><strong>qmre</strong></span> 
     </span>
     <span class='ocr_line' id='line_1_29' title="bbox 308 4101 1835 4204; baseline 0.001 -22"><span class='ocrx_word' id='word_1_267' title='bbox 308 4101 460 4184; x_wconf 77' lang='lat' dir='ltr'><strong>diverses</strong></span> <span class='ocrx_word' id='word_1_268' title='bbox 478 4103 669 4182; x_wconf 65' lang='lat' dir='ltr'><strong>omnen</strong></span> <span class='ocrx_word' id='word_1_269' title='bbox 687 4101 737 4182; x_wconf 89' lang='lat' dir='ltr'><strong>sic</strong></span> <span class='ocrx_word' id='word_1_270' title='bbox 752 4103 1040 4204; x_wconf 81' lang='lat' dir='ltr'><strong>comprehendet,</strong></span> <span class='ocrx_word' id='word_1_271' title='bbox 1064 4113 1106 4180; x_wconf 86' lang='lat' dir='ltr'><strong>ut</strong></span> <span class='ocrx_word' id='word_1_272' title='bbox 1127 4104 1238 4180; x_wconf 85' lang='lat' dir='ltr'><strong>emioe</strong></span> <span class='ocrx_word' id='word_1_273' title='bbox 1257 4103 1453 4203; x_wconf 69' lang='lat' dir='ltr'><strong>conspirare</strong></span> <span class='ocrx_word' id='word_1_274' title='bbox 1473 4104 1666 4182; x_wconf 74' lang='lat' dir='ltr'><strong>videantur.</strong></span> <span class='ocrx_word' id='word_1_275' title='bbox 1690 4105 1835 4184; x_wconf 68' lang='lat' dir='ltr'><strong>murro</strong></span> 
     </span>
     <span class='ocr_line' id='line_1_30' title="bbox 307 4221 1834 4324; baseline 0.004 -28"><span class='ocrx_word' id='word_1_276' title='bbox 307 4221 418 4322; x_wconf 79' lang='lat' dir='ltr'><strong>igitur</strong></span> <span class='ocrx_word' id='word_1_277' title='bbox 440 4222 736 4323; x_wconf 83' lang='lat' dir='ltr'><strong>circumspicimus</strong></span> <span class='ocrx_word' id='word_1_278' title='bbox 758 4223 863 4300; x_wconf 86' lang='lat' dir='ltr'><strong>fidem</strong></span> <span class='ocrx_word' id='word_1_279' title='bbox 890 4224 935 4300; x_wconf 90' lang='lat' dir='ltr'><strong>de</strong></span> <span class='ocrx_word' id='word_1_280' title='bbox 956 4247 1106 4300; x_wconf 77' lang='lat' dir='ltr'><strong>onrrsrr</strong></span> <span class='ocrx_word' id='word_1_281' title='bbox 1128 4247 1275 4324; x_wconf 86' lang='lat' dir='ltr'><strong>persono</strong></span> <span class='ocrx_word' id='word_1_282' title='bbox 1296 4222 1512 4300; x_wconf 81' lang='lat' dir='ltr'><strong>ostholicom.</strong></span> <span class='ocrx_word' id='word_1_283' title='bbox 1550 4224 1621 4298; x_wconf 85' lang='lat' dir='ltr'><strong>Sed</strong></span> <span class='ocrx_word' id='word_1_284' title='bbox 1635 4224 1704 4300; x_wconf 78' lang='lat' dir='ltr'><strong>chio</strong></span> <span class='ocrx_word' id='word_1_285' title='bbox 1717 4223 1834 4302; x_wconf 73' lang='lat' dir='ltr'><strong>efferri</strong></span> 
     </span>
     <span class='ocr_line' id='line_1_31' title="bbox 300 4342 1834 4446; baseline 0.002 -25"><span class='ocrx_word' id='word_1_286' title='bbox 300 4350 457 4442; x_wconf 46' lang='lat' dir='ltr'><strong>wpossent</strong></span> <span class='ocrx_word' id='word_1_287' title='bbox 483 4344 640 4444; x_wconf 74' lang='lat' dir='ltr'><strong>exemplo</strong></span> <span class='ocrx_word' id='word_1_288' title='bbox 666 4343 902 4420; x_wconf 84' lang='lat' dir='ltr'><strong>luculentiore.</strong></span> <span class='ocrx_word' id='word_1_289' title='bbox 953 4347 1097 4424; x_wconf 82' lang='lat' dir='ltr'><strong>Quente</strong></span> <span class='ocrx_word' id='word_1_290' title='bbox 1123 4351 1177 4420; x_wconf 86' lang='lat' dir='ltr'><strong>est</strong></span> <span class='ocrx_word' id='word_1_291' title='bbox 1205 4343 1455 4424; x_wconf 73' lang='lat' dir='ltr'><strong>sententiarum</strong></span> <span class='ocrx_word' id='word_1_292' title='bbox 1482 4342 1528 4420; x_wconf 86' lang='lat' dir='ltr'><strong>de</strong></span> <span class='ocrx_word' id='word_1_293' title='bbox 1550 4343 1834 4446; x_wconf 74' lang='lat' dir='ltr'><strong>redemptiones</strong></span> 
     </span>
     <span class='ocr_line' id='line_1_32' title="bbox 307 4461 1831 4562; baseline 0.004 -24"><span class='ocrx_word' id='word_1_294' title='bbox 307 4483 466 4540; x_wconf 78' lang='lat' dir='ltr'><strong>ooomro</strong></span> <span class='ocrx_word' id='word_1_295' title='bbox 495 4463 601 4548; x_wconf 74' lang='lat' dir='ltr'><strong>eliste</strong></span> <span class='ocrx_word' id='word_1_296' title='bbox 631 4463 793 4540; x_wconf 76' lang='lat' dir='ltr'><strong>venetos!</strong></span> <span class='ocrx_word' id='word_1_297' title='bbox 831 4463 1014 4540; x_wconf 76' lang='lat' dir='ltr'><strong>Thoonem</strong></span> <span class='ocrx_word' id='word_1_298' title='bbox 1037 4463 1097 4542; x_wconf 87' lang='lat' dir='ltr'><strong>elii</strong></span> <span class='ocrx_word' id='word_1_299' title='bbox 1119 4463 1329 4562; x_wconf 76' lang='lat' dir='ltr'><strong>mythicam,</strong></span> <span class='ocrx_word' id='word_1_300' title='bbox 1352 4462 1413 4540; x_wconf 81' lang='lat' dir='ltr'><strong>elii</strong></span> <span class='ocrx_word' id='word_1_301' title='bbox 1432 4461 1635 4555; x_wconf 85' lang='lat' dir='ltr'><strong>inridicem,</strong></span> <span class='ocrx_word' id='word_1_302' title='bbox 1658 4465 1719 4543; x_wconf 76' lang='lat' dir='ltr'><strong>dii</strong></span> <span class='ocrx_word' id='word_1_303' title='bbox 1741 4465 1831 4544; x_wconf 87' lang='lat' dir='ltr'><strong>ethi-</strong></span> 
     </span>
    </p>
   </div>
   <div class='ocr_carea' id='block_1_4' title="bbox 308 4581 1983 4687">
    <p class='ocr_par' dir='ltr' id='par_1_4' title="bbox 308 4581 1983 4687">
     <span class='ocr_line' id='line_1_33' title="bbox 308 4581 1983 4687; baseline -0.004 -25"><span class='ocrx_word' id='word_1_304' title='bbox 308 4603 385 4662; x_wconf 76' lang='lat' dir='ltr'><strong>eem</strong></span> <span class='ocrx_word' id='word_1_305' title='bbox 414 4581 717 4683; x_wconf 59' lang='lat' dir='ltr'><strong>excogitaverunt,</strong></span> <span class='ocrx_word' id='word_1_306' title='bbox 749 4607 899 4684; x_wconf 83' lang='lat' dir='ltr'><strong>querum</strong></span> <span class='ocrx_word' id='word_1_307' title='bbox 929 4582 1026 4661; x_wconf 85' lang='lat' dir='ltr'><strong>nullo</strong></span> <span class='ocrx_word' id='word_1_308' title='bbox 1056 4583 1105 4660; x_wconf 85' lang='lat' dir='ltr'><strong>eie</strong></span> <span class='ocrx_word' id='word_1_309' title='bbox 1130 4583 1364 4684; x_wconf 85' lang='lat' dir='ltr'><strong>principetnm</strong></span> <span class='ocrx_word' id='word_1_310' title='bbox 1389 4592 1492 4662; x_wconf 79' lang='lat' dir='ltr'><strong>neoto</strong></span> <span class='ocrx_word' id='word_1_311' title='bbox 1515 4591 1592 4674; x_wconf 83' lang='lat' dir='ltr'><strong>eet,</strong></span> <span class='ocrx_word' id='word_1_312' title='bbox 1615 4592 1657 4661; x_wconf 88' lang='lat' dir='ltr'><strong>nt</strong></span> <span class='ocrx_word' id='word_1_313' title='bbox 1677 4585 1831 4687; x_wconf 78' lang='lat' dir='ltr'><strong>reliques</strong></span> <span class='ocrx_word' id='word_1_314' title='bbox 1889 4660 1897 4677; x_wconf 55' lang='lat'>„</span> <span class='ocrx_word' id='word_1_315' title='bbox 1978 4645 1983 4655; x_wconf 88' lang='lat'>.</span> 
     </span>
    </p>
   </div>
   <div class='ocr_carea' id='block_1_5' title="bbox 297 4698 1836 5020">
    <p class='ocr_par' dir='ltr' id='par_1_5' title="bbox 297 4698 1836 5020">
     <span class='ocr_line' id='line_1_34' title="bbox 297 4698 1832 4806; baseline 0.003 -28"><span class='ocrx_word' id='word_1_316' title='bbox 297 4698 484 4779; x_wconf 77' lang='lat' dir='ltr'><strong>devicerit</strong></span> <span class='ocrx_word' id='word_1_317' title='bbox 531 4702 573 4782; x_wconf 79' lang='lat' dir='ltr'><strong>si</strong></span> <span class='ocrx_word' id='word_1_318' title='bbox 603 4727 625 4778; x_wconf 93' lang='lat' dir='ltr'><strong>e</strong></span> <span class='ocrx_word' id='word_1_319' title='bbox 655 4711 748 4780; x_wconf 83' lang='lat' dir='ltr'><strong>certe</strong></span> <span class='ocrx_word' id='word_1_320' title='bbox 781 4702 934 4802; x_wconf 80' lang='lat' dir='ltr'><strong>quedem</strong></span> <span class='ocrx_word' id='word_1_321' title='bbox 966 4702 1012 4778; x_wconf 90' lang='lat' dir='ltr'><strong>de</strong></span> <span class='ocrx_word' id='word_1_322' title='bbox 1042 4703 1185 4784; x_wconf 69' lang='lat' dir='ltr'><strong>seiumri</strong></span> <span class='ocrx_word' id='word_1_323' title='bbox 1209 4727 1362 4781; x_wconf 78' lang='lat' dir='ltr'><strong>cncrerr</strong></span> <span class='ocrx_word' id='word_1_324' title='bbox 1389 4728 1494 4806; x_wconf 88' lang='lat' dir='ltr'><strong>opere</strong></span> <span class='ocrx_word' id='word_1_325' title='bbox 1517 4703 1681 4806; x_wconf 88' lang='lat' dir='ltr'><strong>opinione</strong></span> <span class='ocrx_word' id='word_1_326' title='bbox 1701 4705 1832 4783; x_wconf 78' lang='lat' dir='ltr'><strong>diinrh·</strong></span> 
     </span>
     <span class='ocr_line' id='line_1_35' title="bbox 301 4819 1836 5020; baseline 0 -119"><span class='ocrx_word' id='word_1_327' title='bbox 301 4819 411 4901; x_wconf 78' lang='lat' dir='ltr'><strong>cendi</strong></span> <span class='ocrx_word' id='word_1_328' title='bbox 442 4827 529 4900; x_wconf 83' lang='lat' dir='ltr'><strong>scot</strong></span> <span class='ocrx_word' id='word_1_329' title='bbox 558 4820 716 4902; x_wconf 86' lang='lat' dir='ltr'><strong>homines</strong></span> <span class='ocrx_word' id='word_1_330' title='bbox 747 4821 956 4914; x_wconf 81' lang='lat' dir='ltr'><strong>Ghrietierri,</strong></span> <span class='ocrx_word' id='word_1_331' title='bbox 992 4822 1095 4925; x_wconf 85' lang='lat' dir='ltr'><strong>ienge</strong></span> <span class='ocrx_word' id='word_1_332' title='bbox 1128 4823 1288 4924; x_wconf 82' lang='lat' dir='ltr'><strong>plurimis</strong></span> <span class='ocrx_word' id='word_1_333' title='bbox 1316 4847 1445 4904; x_wconf 87' lang='lat' dir='ltr'><strong>nomen</strong></span> <span class='ocrx_word' id='word_1_334' title='bbox 1468 4824 1567 4903; x_wconf 83' lang='lat' dir='ltr'><strong>istud</strong></span> <span class='ocrx_word' id='word_1_335' title='bbox 1589 4824 1836 5020; x_wconf 51' lang='lat' dir='ltr'><strong>dgiifflm</strong></span> 
     </span>
    </p>
   </div>
   <div class='ocr_carea' id='block_1_6' title="bbox 0 0 2488 6166">
    <p class='ocr_par' dir='ltr' id='par_1_6' title="bbox 0 0 2488 6166">
     <span class='ocr_line' id='line_1_36' title="bbox 0 0 2488 6166; baseline 0 0"><span class='ocrx_word' id='word_1_336' title='bbox 0 0 2488 6166; x_wconf 95' lang='lat' dir='ltr'><strong> </strong></span> 
     </span>
    </p>
   </div>
  </div>
 </body>
</html>
