4967 6175
648 1287 811 1396 QUOD
839 1287 1012 1378 FELIX
1039 1289 1435 1400 FAUSTUMQUE

453 1544 590 1634 ESSE
618 1547 838 1635 IUBEAT
868 1547 1018 1636 DEUS
1049 1545 1305 1638 OPTIMUS
1333 1549 1624 1638 MAXIMUS.

926 1924 952 1936 W
959 1922 1165 1938 *mm

528 2199 723 2274 aanvnrn,
746 2201 872 2262 onnus
894 2198 1057 2262 cunnum
1077 2199 1129 2260 nn
1145 2197 1240 2260 noct
1255 2198 1480 2262 anomocus
1497 2200 1812 2264 uxorranrasmr.
1858 2215 1864 2218 ·

565 2301 779 2364 rnunruuu
807 2303 1003 2376 aanvnnu,
1032 2301 1274 2364 onronuoun
1301 2303 1545 2365 econamum
1568 2303 1812 2366 nunno-nna·

563 2404 767 2466 racnrunu
794 2406 931 2468 unuin
962 2405 1112 2466 marma
1130 2402 1292 2466 nnuma
1313 2404 1479 2468 comune.
1520 2405 1596 2467 vos
1616 2407 1661 2468 ru
1681 2406 1816 2468 emuna

568 2507 766 2580 aunvnnu,
794 2509 880 2570 urar
907 2506 1199 2577 ERUDITISSIMI.
1227 2505 1474 2581 miramur,
1501 2508 1655 2571 anuum
1677 2509 1732 2570 nx
1756 2510 1815 2569 au
1851 2495 1854 2499 ’

569 2609 706 2671 nunna
725 2609 950 2673 nonnarum
969 2607 1153 2672 uncanno
1171 2607 1404 2673 nouonmna
1421 2609 1622 2685 cunnum,
1643 2611 1816 2674 ononuu

565 2712 789 2775 umanum
821 2705 900 2774 uos
931 2711 1021 2775 uon
1050 2709 1221 2772 rcuruu
1252 2711 1456 2774 rnuonuu
1488 2710 1815 2788 emmerammo

565 2815 694 2878 urrann
713 2817 759 2878 nr
778 2815 892 2879 nunc
914 2815 1064 2878 concur
1083 2812 1233 2876 noenu.

324 3174 506 3251 ¹Senatum
533 3177 782 3255 Academicum
808 3182 976 3279 rogarunt
997 3176 1202 3265 curatores,
1225 3173 1303 3249 Viri
1324 3173 1562 3274 Ampliaaimi‚
1586 3198 1690 3264 num,
1720 3200 1818 3277 prae·

289 3300 394 3367 eunte
430 3295 641 3396 Magistratu
672 3297 826 3388 urbano,
858 3298 927 3397 ipai
963 3320 1103 3398 quoqne
1135 3294 1286 3396 placeret
1315 3293 1456 3394 publice
1485 3296 1658 3372 celebrare
1682 3321 1816 3372 annum

288 3412 495 3490 Academiae
522 3416 674 3493 natalem
697 3417 973 3493 ducentesimum
1002 3416 1203 3492 vicesimum
1233 3414 1408 3513 quintum.
1458 3412 1695 3505 Censuimus,
1721 3416 1814 3492 hnnc

288 3555 418 3607 annum
451 3558 471 3610 a
503 3536 604 3611 nobie
635 3561 676 3613 ea
707 3537 858 3613 maxime
894 3532 1140 3610 celebrandum
1171 3555 1248 3607 eane
1276 3529 1429 3622 ratione,
1462 3542 1503 3607 nt
1530 3532 1814 3633 necquidquam

289 3651 385 3727 tieret
415 3676 554 3745 eorum,
585 3680 675 3757 qnae
708 3656 805 3731 seatio
832 3661 1063 3755 congruerent
1101 3651 1332 3739 secularibus,
1368 3657 1423 3739 et,
1458 3652 1554 3751 quod
1586 3652 1704 3743 lieret,
1736 3660 1813 3729 tum

291 3770 437 3870 dmum
464 3773 597 3849 Senatu
619 3782 696 3850 turn
719 3774 928 3850 Academiae
952 3772 1074 3849 honori
1096 3781 1197 3849 earet.
1249 3772 1326 3845 Iam
1348 3793 1428 3845 vero
1449 3778 1677 3863 mementote,
1701 3771 1814 3847 Andi-

292 3898 397 3980 torea,
430 3893 645 3991 praeclarum
677 3894 766 3970 illud
798 3895 872 3984 ius,
905 3893 1002 3994 quod
1028 3892 1164 3993 regium
1187 3890 1231 3965 de
1257 3890 1474 3966 institutione
1498 3892 1685 3991 superiore
1699 3892 1815 3968 decre·

292 4017 366 4084 turn
399 4010 588 4112 unicuique
619 4012 743 4089 tribuit
776 4012 920 4088 Senatui
958 4010 1186 4101 Academico,
1221 4010 1278 4083 ina
1305 4008 1384 4085 dioc
1414 4010 1581 4087 offerendi
1606 4010 1752 4087 honores
1775 4024 1812 4088 et

293 4130 434 4205 titulum
467 4132 626 4209 Doctorin
654 4133 789 4210 civibus
816 4140 851 4207 et
878 4130 1004 4207 exterio
1031 4130 1076 4206 de
1100 4154 1164 4205 aua
1187 4128 1357 4229 cuinaqnc
1383 4128 1564 4228 disciplina
1584 4129 1716 4230 optime
1738 4156 1810 4207 me·

293 4250 377 4327 ritia.
427 4251 588 4329 Proiecto
620 4255 715 4331 hcud
748 4250 943 4341 miramini,
978 4247 1079 4326 nobie
1114 4248 1279 4324 continno
1314 4248 1351 4322 in
1386 4257 1539 4324 mentam
1569 4249 1703 4325 vennae
1734 4251 1812 4327 illoc

293 4364 436 4447 honores
463 4372 615 4449 conlerre
639 4374 677 4449 in
701 4374 790 4450 uros
816 4370 972 4447 doctrina
992 4378 1028 4446 et
1053 4368 1189 4469 scriptis
1210 4369 1377 4470 insignes.
1414 4370 1521 4445 Porro
1541 4370 1654 4446 rieurn
1674 4379 1728 4447 eat
1748 4370 1811 4447 hoa

293 4514 432 4589 rogare,
462 4498 504 4565 ut
538 4491 640 4567 nobis
673 4493 789 4571 liceret
810 4516 881 4567 non
910 4490 1048 4566 mittere
1071 4488 1271 4593 Diplomata
1298 4488 1344 4565 ad
1365 4487 1543 4579 absentes,
1568 4489 1630 4565 aad
1651 4514 1810 4589 praesen·

295 4618 345 4685 tea
388 4634 502 4686 coram
546 4610 731 4691 lectissima
763 4614 914 4691 virorum
950 4609 1257 4712 Amplissimorum
1290 4608 1489 4711 civiumque
1524 4610 1811 4687 Academicorum

296 4752 417 4805 corona
448 4731 596 4807 salutare
618 4739 654 4808 ct
678 4758 739 4823 aa,
770 4758 840 4835 qua
865 4730 1018 4822 doceret,
1047 4731 1186 4809 honoria
1211 4729 1461 4831 significatione
1481 4730 1653 4829 prosequi.
1702 4732 1810 4809 Quod

297 4848 439 4925 Senatui
463 4849 613 4949 placuit,
639 4874 709 4929 non
737 4850 914 4953 displiciut
935 4850 1258 4953 praestantissimis,
1281 4850 1344 4951 qui
1361 4850 1399 4926 in
1415 4850 1606 4928 Doctorum
1624 4874 1811 4927 numerum
