4967 6175
900 704 1179 775 ORATIO.
1527 752 1531 757 «
1762 708 1806 774 81

284 914 412 991 locuta
449 938 529 989 mcx
562 934 630 988 usu
667 920 865 1012 compertam
899 920 962 990 est.
1022 915 1160 1013 Nempe
1191 914 1318 989 ducere
1347 913 1495 1013 populos
1525 937 1596 1013 quo
1626 910 1807 1013 placebat,

281 1034 377 1109 unde
406 1042 524 1109 autem
556 1029 715 1132 placebat
747 1031 935 1121 abducere,
971 1033 1169 1134 hocopus,
1195 1032 1680 1109 bielaborlorevidebatur.
1731 1032 1806 1107 Ubi

279 1152 356 1251 lege
390 1152 434 1227 de
466 1152 612 1251 imperio
647 1152 717 1227 lata
750 1151 841 1227 cives
875 1152 1028 1252 primum
1062 1153 1099 1226 in
1134 1152 1283 1228 civitatis
1313 1152 1490 1251 regendae
1523 1151 1804 1229 communionem

279 1278 461 1362 venerant,
495 1272 605 1347 serius
640 1271 736 1347 ocius
767 1271 983 1361 statuebant,
1016 1272 1053 1347 in
1086 1271 1221 1347 iuribus
1251 1271 1319 1347 sibi
1345 1270 1517 1345 concessis
1543 1271 1640 1347 baud
1665 1272 1804 1371 acquie-

278 1391 443 1467 scendum
480 1391 740 1490 videndumque
761 1390 797 1467 in
819 1392 940 1491 primis
963 1417 1058 1481 esse,
1084 1418 1128 1467 ne
1152 1418 1194 1467 ea
1218 1400 1281 1467 aut
1302 1390 1503 1466 arctissimis
1526 1390 1698 1465 limitibus
1721 1416 1803 1466 con·

278 1510 472 1586 tinerentur
505 1520 568 1587 aut
603 1534 646 1585 er
679 1510 713 1583 vi
742 1518 778 1585 et
806 1511 994 1586 calliditate
1025 1512 1225 1587 detrimenti
1259 1510 1345 1610 quid
1376 1519 1548 1610 caperent.
1589 1509 1687 1585 Alibi
1723 1534 1804 1610 spes

275 1629 478 1706 huiusmodi
512 1630 601 1731 legis
635 1631 897 1731 consequendae
933 1632 1030 1707 irrita
1066 1632 1157 1707 iacta
1188 1630 1462 1731 indignationem
1495 1629 1667 1706 movebat.
1730 1629 1805 1706 Hic

275 1749 382 1823 rediri
404 1750 450 1824 ad
472 1748 646 1838 obsoleta,
681 1750 751 1825 illio
773 1750 858 1849 ipsis
878 1751 983 1825 armis
1002 1750 1151 1850 opprimi
1171 1750 1341 1825 libertatis
1366 1749 1500 1839 studia,
1525 1750 1649 1825 acriter
1668 1774 1804 1851 punge·

276 1864 339 1939 bat
380 1866 511 1940 multos
553 1866 738 1965 animoque
780 1866 825 1941 ab
858 1866 901 1940 iis
937 1867 1113 1942 terebatur
1145 1893 1313 1967 perquam
1351 1868 1483 1967 iniquo.
1545 1869 1650 1943 Hane
1686 1894 1804 1946 rerum

276 1984 508 2086 gerendarum
535 1985 701 2059 rationem
737 1983 952 2083 temporibus
981 1985 1076 2060 baud
1106 1986 1288 2060 convenire
1318 1993 1394 2060 tum
1429 1986 1524 2085 apud
1557 1988 1708 2061 Francos
1741 1988 1807 2063 viri

274 2104 433 2203 ingenie,
459 2102 616 2179 doctrina
637 2111 673 2177 et
694 2110 807 2177 aetate
828 2102 1009 2192 florentes,
1034 2102 1192 2177 adbibita
1212 2102 1377 2178 historiae
1395 2103 1493 2192 luce,
1518 2128 1577 2178 ore
1598 2105 1653 2179 vel
1669 2105 1807 2205 scriptia

273 2224 435 2324 aequales
468 2248 550 2300 suos
580 2221 770 2311 docebant,
795 2230 871 2297 tum
899 2248 1057 2297 severum
1082 2222 1255 2322 probabat
1277 2223 1426 2324 Angliae
1452 2224 1663 2323 exemplam.
1714 2225 1804 2300 Inde

273 2345 512 2421 contentiones
545 2351 581 2418 et
613 2342 757 2431 turbae,
787 2343 963 2418 nonnullis
992 2343 1091 2418 valde
1117 2343 1304 2432 molestae,
1330 2344 1416 2443 quin
1440 2344 1616 2419 exitiosae.
1666 2346 1807 2423 Interea

273 2465 398 2541 virium
435 2462 665 2552 conscientia,
701 2487 792 2563 quae
829 2464 1012 2564 exstirpari
1043 2462 1139 2539 baud
1172 2470 1352 2562 potuerat,
1388 2465 1488 2540 valde
1522 2473 1625 2541 aucta
1649 2473 1717 2542 est.
1768 2466 1807 2541 Si

273 2584 471 2684 quaeritur,
496 2609 567 2685 qua
587 2583 641 2659 via
662 2581 862 2683 quibusque
882 2583 1094 2659 adiumentis
1113 2583 1234 2658 eadem
1253 2584 1417 2675 creverit,
1443 2586 1554 2661 multa
1572 2593 1631 2660 tna
1644 2585 1804 2686 ignorare

271 2704 400 2794 fateor,
434 2728 583 2804 quorum
619 2702 736 2801 aliqua
768 2702 814 2777 sit
839 2728 920 2777 cum
943 2702 1008 2778 beo
1032 2702 1234 2801 quaestione
1256 2703 1487 2779 necessitudo.
1537 2705 1663 2803 Neque
1686 2714 1805 2781 mmen

270 2822 424 2923 ineptio,
460 2824 491 2897 si
518 2823 669 2923 plmima
691 2846 833 2912 eorum,
867 2848 956 2923 quae
979 2823 1048 2898 huc
1071 2823 1286 2922 pertineant,
1312 2847 1384 2897 uno
1405 2822 1615 2921 complector
1640 2827 1805 2901 εοίεπίίαο

272 2939 451 3019 vocabulo.
502 2944 598 3018 Olim
632 2943 668 3017 in
702 2968 761 3018 cre
790 2942 874 3017 luit:
907 2946 1052 3041 pecunia
1087 2950 1140 3017 eat
1165 2951 1334 3041 potestas.
1387 2943 1515 3029 Postea
1541 2964 1698 3017 asconis
1725 2968 1803 3018 sen·

273 3064 384 3139 tentia
422 3062 533 3162 magis
566 3062 784 3161 frequentata
822 3069 893 3136 est:
929 3063 1074 3135 amentia
1110 3068 1166 3136 est
1193 3068 1362 3158 potestas.
1412 3061 1588 3160 Equidem
1623 3062 1803 3162 integnrm

279 3182 405 3281 cuique
438 3181 597 3278 relinquo
629 3181 673 3254 da
708 3181 781 3258 suis
806 3180 937 3255 deliciis
962 3179 1142 3255 indicium.
1193 3180 1264 3254 Sed
1288 3178 1354 3254 boc
1379 3204 1557 3270 assevero,
1582 3181 1803 3281 gravissima·

277 3325 354 3377 rum
377 3325 494 3376 rerum
517 3298 695 3374 scientiam
722 3299 912 3374 admodum
936 3299 1093 3375 crevisse.
1143 3298 1248 3373 Hanc
1270 3307 1447 3398 acceptam
1472 3300 1693 3399 potissimum
1716 3302 1804 3377 reie-

275 3422 386 3497 rimns
417 3419 703 3521 diligentissimae
734 3429 811 3494 tum
843 3430 987 3495 naturae
1019 3429 1095 3493 tum
1126 3418 1275 3495 civitatis
1298 3426 1376 3492 tum
1399 3417 1550 3494 bominis
1572 3421 1805 3521 gentiumque

276 3539 543 3642 investigationi.
603 3540 699 3616 Hinc
732 3539 914 3615 innumera
943 3539 1146 3639 prodierunt
1179 3539 1269 3612 vitae
1302 3562 1373 3612 non
1413 3546 1553 3613 tantum
1585 3540 1804 3617 commodius

276 3685 393 3737 rerum
420 3661 525 3737 etiam
553 3659 760 3760 prudentius
787 3657 977 3756 utiliusque
1000 3655 1178 3755 degendae
1201 3654 1368 3732 subsidia.
1419 3655 1515 3732 Hinc
1539 3657 1714 3757 quidquid
1737 3683 1802 3758 pn·

276 3780 343 3856 silli
368 3789 423 3856 est
444 3791 480 3856 et
503 3780 733 3880 superstitiosi
756 3777 937 3880 paullatim
964 3776 1176 3852 debilitatur.
1226 3775 1323 3850 Hine
1346 3775 1452 3852 borno
1473 3777 1619 3877 erigitur
1645 3778 1691 3853 ad
1715 3779 1804 3854 vires

274 3901 349 4002 ipse
374 3927 455 3977 suas
482 3900 725 4001 periclitandas
746 3899 971 3998 evehiturque
993 3896 1113 3971 civitas
1134 3897 1180 3971 ad
1210 3921 1309 3971 snam
1335 3896 1447 3996 ipsius
1471 3898 1734 3998 prosperitatem
1756 3897 1803 3973 ab

277 4029 471 4096 exterorum
505 4021 617 4096 salute
645 4045 715 4095 non
751 4019 854 4094 anxie
881 4015 1142 4117 seiungendum.
1191 4017 1330 4094 Quodsi
1365 4017 1509 4092 scientia
1535 4043 1577 4093 eo
1606 4018 1716 4118 pluris
1749 4025 1804 4093 eat

276 4139 452 4230 iacienda,
485 4165 555 4240 quc
575 4138 735 4239 pluribus
761 4138 921 4238 prodest,
945 4135 1065 4234 eequis
1091 4134 1136 4209 ab
1163 4135 1238 4209 eius
1262 4134 1434 4209 fructibus
1455 4137 1619 4210 arcetur?
1654 4135 1801 4212 Institu-

279 4257 371 4334 tione
404 4258 617 4359 pauperibus
651 4259 862 4345 consulitur,
898 4267 938 4329 ut
972 4253 1130 4329 hemines
1164 4279 1201 4329 se
1233 4279 1309 4328 esse
1340 4254 1494 4343 discant,
1528 4279 1599 4330 non
1624 4255 1804 4333 abiectum

278 4378 414 4480 vulgus.
466 4378 558 4453 Cum
593 4377 777 4477 opificibus
810 4375 1070 4476 disciplinarum
1104 4375 1345 4475 physicarum,
1378 4374 1598 4451 oeconomiae
1626 4375 1804 4475 popularis

276 4505 312 4571 et
340 4495 503 4571 historiae
527 4496 699 4571 elementa
727 4494 1046 4584 communicantur,
1080 4493 1175 4567 unde
1198 4493 1326 4569 mentis
1348 4494 1488 4569 oculum
1515 4495 1641 4595 aperiri
1666 4496 1802 4596 ingeni·

278 4639 408 4715 umque
427 4616 472 4692 ed
494 4616 594 4716 plura
618 4616 721 4691 etiam
747 4641 852 4716 quam
871 4615 916 4691 ad
934 4613 1148 4714 opificiorum
1172 4614 1449 4692 emendationem
1468 4615 1548 4691 aeui
1570 4640 1710 4692 necesse
1736 4623 1801 4692 est.

281 4735 354 4816 Qui
377 4735 588 4825 industriae,
613 4736 861 4836 agriculturae,
886 4744 1098 4811 mercaturae
1120 4758 1260 4832 operam
1275 4745 1424 4826 navant,
1449 4736 1579 4812 biaeae
1592 4741 1804 4837 autpraestc

281 4863 362 4932 sunt
399 4864 462 4931 aut
497 4863 665 4958 parantur
702 4855 857 4931 discendi
890 4862 926 4930 et
957 4853 1097 4954 ingenia
1132 4854 1312 4930 excolendi
1347 4854 1640 4957 opportunitates,
1674 4854 1805 4956 quibus

1557 4977 1604 5048 ll
