4967 6175
694 639 757 706 rsa
1240 639 1267 706 r.
1302 639 1340 706 s.
1375 640 1409 706 c.
1437 638 1662 723 ‚aovnns

741 845 889 920 Absenti
924 844 1090 944 gratulari
1123 867 1192 919 non
1228 869 1382 944 possum.
1442 847 1652 922 Academiae
1688 869 1767 920 vero
1798 844 1879 922 huic
1910 847 2085 947 gratulor,
2122 871 2213 946 quae

691 965 796 1040 talem
821 963 933 1038 virum
955 963 1109 1038 ornando
1134 964 1354 1063 semetipsam
1376 966 1528 1054 ornavit,
1553 975 1589 1039 et
1611 964 1716 1040 abnul
1740 967 1937 1042 memoriam
1967 967 2113 1042 recoluit
2130 966 2211 1052 viri,

691 1084 752 1183 qui
782 1108 843 1182 per
878 1083 1022 1182 longum
1058 1105 1228 1159 annornm
1261 1085 1412 1185 spatium
1448 1084 1516 1184 ipsi
1547 1091 1749 1158 ornamento
1782 1082 1871 1172 luit,
1905 1084 2074 1183 cuiusque
2108 1082 2212 1157 veluti

690 1201 880 1300 imaginem
917 1199 1049 1299 ingenii
1082 1226 1122 1277 ac
1154 1201 1330 1277 doctrinae
1360 1209 1594 1301 repraesentat
1621 1201 1727 1276 irater
1754 1201 2057 1279 honoratissimus:
2084 1226 2210 1278 memo·

690 1321 777 1396 riam
804 1321 881 1395 dico
907 1320 970 1393 viri
995 1319 1279 1428 desideratissimi
1303 1343 1459 1395 snnrsrsr
1483 1343 1688 1395 cannarum
1712 1323 1906 1398 nosteros?

1173 1515 1287 1588 Verba
1311 1516 1471 1591 Baeturia
1494 1518 1543 1590 ad
1564 1517 1736 1591 Doctores.

741 1681 884 1756 Peracta
917 1686 998 1754 sunt
1032 1677 1215 1764 sollennia,
1249 1702 1398 1776 quorum
1429 1679 1459 1752 si
1490 1686 1566 1753 tum
1598 1677 1714 1766 vobis,
1745 1679 1912 1754 carissimi
1938 1680 2115 1781 quondam
2145 1680 2206 1754 mei

691 1799 919 1898 condiscipuli
953 1822 1048 1874 unns
1079 1808 1114 1873 et
1142 1819 1313 1885 uounru,
1349 1807 1425 1872 tum
1460 1799 1564 1872 vestri
1590 1798 1728 1874 bencus
1750 1800 1851 1874 sociis
1875 1801 2116 1876 suavissimam
2140 1825 2205 1874 mc·

692 1920 838 1995 moriam
863 1927 1007 2017 exoptp,
1032 1917 1221 2016 plurimum
1244 1917 1343 1991 abest
1366 1926 1406 1992 ut
1430 1918 1518 1992 nibil
1541 1919 1631 1993 ultra
1654 1918 1692 1993 in
1716 1919 1804 1994 votis
1823 1919 1878 1994 sit.
1930 1919 2048 1994 Huius
2079 1920 2205 1994 Acade·

690 2038 780 2114 miae
807 2017 948 2113 bomine
975 2038 1097 2126 vobis,
1123 2037 1185 2110 viri
1208 2036 1428 2125 Doctissimi,
1454 2038 1559 2112 vitam
1583 2046 1709 2138 exopto
1736 2039 1886 2138 eorporis
1910 2038 2089 2138 animique
2113 2039 2204 2112 bonis

690 2159 739 2232 its
766 2156 999 2244 cumulatam,
1033 2164 1074 2229 ut
1108 2156 1170 2229 diu
1199 2179 1298 2230 suam
1333 2157 1460 2255 cuique
1492 2157 1708 2256 disciplinam
1735 2158 1823 2232 tueri
1852 2157 2069 2232 coucedatur.
2123 2158 2205 2230 Sunt

691 2301 773 2352 sane
801 2277 837 2351 in
866 2269 1035 2350 bae'luce
1056 2273 1315 2373 disciplinarum
1335 2276 1527 2374 permulta,
1552 2276 1681 2374 quibus
1703 2277 1858 2376 impense
1874 2276 2105 2366 delectemur;
2130 2285 2203 2350 sunt

690 2421 833 2496 quoque
855 2396 1046 2493 ἀνεμιαῖα
1067 2393 1259 2493 quaedam,
1283 2394 1486 2495 opinionum
1507 2406 1721 2483 commenta,
1746 2396 1856 2495 pluris
1885 2397 1959 2470 fieri
1986 2395 2088 2470 solita
2108 2419 2204 2493 quam

693 2542 810 2592 revera
845 2524 939 2591 sunt.
990 2515 1097 2593 Quod
1133 2514 1163 2587 si
1198 2512 1344 2613 probare
1387 2515 1530 2602 vobem,
1568 2514 1690 2592 sostris
1725 2514 1873 2614 ingeniis
1909 2515 2070 2589 iniuriam
2100 2515 2203 2588 facere

693 2661 860 2712 censeret.
911 2636 1000 2723 Sed,
1036 2643 1077 2708 ut
1114 2641 1226 2708 vestra
1262 2658 1401 2732 quoque
1437 2634 1574 2710 solertia
1606 2645 1642 2709 et
1670 2634 1863 2708 eruditione
1894 2636 1958 2708 illa
1986 2635 2204 2720 roborentur,

690 2758 772 2831 llaec
808 2762 925 2831 autern
962 2779 1005 2829 cx
1042 2779 1121 2828 vero
1154 2754 1381 2831 aestimentur
1412 2762 1448 2828 et
1479 2763 1623 2828 naturae
1655 2754 1793 2828 iudiciis
1819 2754 1963 2842 cedant,
1992 2755 2205 2828 vehementer

688 2885 780 2974 opto.
834 2873 997 2949 Consiliis
1023 2873 1216 2972 studiisque
1239 2873 1364 2948 vestris
1386 2884 1518 2949 annuat
1544 2897 1721 2948 summum
1746 2875 1813 2949 Dei
1839 2875 1996 2949 Numen!

909 3071 1093 3143 Doctorum
1118 3070 1249 3143 nomine
1275 3071 1420 3143 Sesatai
1436 3072 1577 3167 pretias
1598 3073 1674 3168 opit
1700 3072 1850 3144 Grauios.
1876 3093 1981 3144 uana.

740 3264 758 3303 a
767 3234 875 3309 Hisce
906 3233 1138 3322 sollennibus,
1170 3232 1371 3308 moderante
1405 3232 1552 3307 Rectore
1581 3231 1792 3332 Magnifice,
1825 3232 1890 3306 rite
1919 3232 2085 3331 peractis,
2109 3232 2203 3307 liceat

687 3351 793 3441 mihi,
829 3351 894 3426 viri
928 3349 1143 3439 Clarissimi,
1181 3369 1239 3425 vos
1272 3349 1454 3450 perpaucis
1482 3349 1615 3439 verbis,
1649 3350 1755 3425 ctiam
1782 3351 1990 3450 collegarum
2018 3352 2205 3426 Doctorum

687 3472 849 3560 nomine,
885 3470 1108 3569 compellare:
1143 3470 1324 3569 perpaucis
1351 3469 1429 3544 dico
1455 3469 1601 3571 verbis,
1618 3493 1709 3567 quoe
1732 3479 1848 3545 umen
1871 3495 1987 3546 vereor
2015 3494 2060 3545 ne
2084 3471 2205 3546 barba·

687 3589 774 3664 riem
799 3588 977 3688 quandam
1002 3587 1198 3676 redoleant,
1226 3589 1356 3688 quippo
1380 3590 1443 3687 qui
1462 3612 1525 3687 per
1548 3589 1691 3689 triginta
1711 3588 1861 3688 amplius
1880 3614 1988 3665 annos
2009 3590 2118 3666 latino
2138 3614 2205 3666 non

688 3708 754 3783 sim
791 3733 875 3783 usus
904 3732 1071 3783 sermone.
1127 3706 1255 3794 Quod,
1280 3730 1427 3805 quaeso,
1451 3704 1658 3805 ignoscatis,
1684 3705 1747 3779 viri
1771 3706 1971 3781 Clarissimi.
1995 3750 2044 3763 —
2069 3708 2204 3782 Gratias

687 3827 784 3903 vobis
820 3826 958 3926 agimus
994 3849 1159 3925 magnas,
1192 3826 1301 3900 immo
1332 3824 1500 3899 maximas
1532 3848 1595 3923 pro
1622 3824 1752 3923 insigni
1771 3825 1830 3899 illo
1854 3826 1890 3899 in
1913 3851 1976 3900 nos
1996 3826 2121 3902 collato
2144 3827 2203 3901 bo·
2240 3859 2245 3873 ·

686 3970 779 4022 nore.
830 3946 921 4021 Sunt
954 3945 1046 4019 inter
1078 3968 1161 4033 nos,
1195 3944 1325 4045 quibus
1348 3942 1494 4042 contigit
1517 3943 1552 4016 in
1581 3943 1644 4018 bac
1663 3945 1846 4019 Musarum
1869 3945 1950 4019 sede
1977 3946 2046 4019 frui
2065 3946 2203 4021 institu-

687 4066 781 4140 tione
813 4066 1032 4141 Aesdemiea.
1095 4063 1163 4140 His
1201 4088 1283 4163 prae
1317 4064 1440 4139 ceteris
1460 4064 1579 4163 magni
1603 4064 1705 4163 pretii
1729 4063 1787 4137 ills
1809 4064 1917 4168 bonos
1942 4065 2100 4141 babetur.
2149 4067 2203 4156 Ο,

688 4206 794 4280 quam
816 4192 916 4281 grata
937 4184 996 4258 bic
1021 4205 1212 4272 ssnnrsrr,
1242 4205 1462 4270 annuamus,
1494 4204 1644 4257 nnnsnu
1666 4184 1867 4279 pracsertim
1893 4210 1948 4259 me
1974 4184 2071 4261 subit
2094 4210 2203 4261 recor·

687 4300 802 4387 datio,
826 4301 889 4398 qui
914 4324 984 4398 qua
1009 4308 1083 4375 erat
1104 4302 1319 4377 humanitate
1343 4325 1463 4376 omnes
1486 4301 1523 4374 in
1545 4300 1756 4377 auditorium
1778 4327 1881 4377 sunm
1907 4303 2042 4378 allicere
2061 4304 2202 4380 solebat

685 4417 839 4505 Verum,
864 4419 928 4492 viri
952 4416 1165 4507 Clarissimi,
1190 4444 1272 4495 cum
1295 4420 1418 4495 collato
1443 4421 1570 4495 bonore
1591 4420 1832 4519 gravissimum
1854 4422 1958 4498 simul
1975 4447 2064 4497 onus
2082 4423 2203 4498 hume·

685 4536 733 4611 ris
757 4537 883 4611 nostris
905 4532 1130 4635 imposuistis.
1181 4527 1258 4612 Iam
1279 4538 1315 4611 in
1344 4538 1534 4637 disciplinis
1559 4540 1640 4614 nori
1659 4539 1788 4638 quida
1812 4539 1913 4616 nobis
1934 4541 2201 4640 praestandum,

685 4680 775 4731 novo
810 4663 917 4756 atque
950 4656 1093 4731 iuvenili
1125 4656 1246 4731 ardore
1280 4654 1506 4731 laborandum
1540 4666 1613 4746 est,
1642 4658 1757 4733 oleum
1786 4660 1993 4747 emendum,
2025 4659 2063 4735 in
2086 4658 2202 4735 studia

687 4776 804 4851 denuo
828 4774 1111 4854 incumbendum.
1140 4782 1142 4785 ’
1162 4774 1268 4855 Quod
1294 4773 1464 4873 reliquum
1493 4784 1565 4865 est,
1598 4776 1737 4853 Rectori
1759 4790 1796 4853 et
1818 4779 2099 4872 Promotoribus,
2122 4779 2201 4855 viris
