4967 6175
680 644 725 721 10
1276 642 1619 717 l.1uuultu

681 854 774 937 bano
802 876 921 935 curam
955 853 1054 929 Deva
1085 850 1377 941 manifestaverit,
1406 850 1467 930 alii
1488 850 1588 927 ahter
1609 848 1830 950 respondent.
1881 850 2212 951 Supnnatarafismi

682 975 835 1055 fautores
861 972 907 1053 ad
930 971 1149 1055 aetermam
1176 994 1297 1051 uncae
1320 972 1575 1061 narrationem,
1608 977 1664 1050 ter.
1682 970 1886 1069 repetitam,
1910 982 2096 1071 provocant
2118 999 2214 1060 eapu-

682 1120 751 1194 qne
786 1116 898 1171 eruor
929 1091 1042 1193 ipsius
1073 1091 1275 1171 testimonio
1305 1091 1502 1169 mnhrmari
1536 1090 1742 1191 perhibent:
1776 1089 1897 1167 futuro
1925 1116 1990 1169 suo
2023 1093 2213 1193 Apoatolo,

680 1212 894 1295 &mosem
929 1212 1106 1303 tendenti,
1141 1211 1292 1291 mirabili
1326 1236 1470 1311 prorsus
1489 1212 1623 1290 ratione
1648 1234 1753 1289 rasus
1775 1211 1938 1311 apparuit
1963 1220 2000 1289 et
2026 1214 2077 1293 sic
2097 1214 2213 1295 henes

681 1334 783 1435 quasi
806 1333 989 1423 adhibuit;
1020 1333 1087 1409 hoc
1110 1332 1329 1421 interventu,
1362 1356 1470 1431 quem
1492 1341 1614 1410 utrum
1641 1354 1799 1408 samaro
1825 1330 1959 1410 tribuas
1982 1356 2030 1411 an
2053 1333 2130 1411 Deo
2150 1360 2213 1435 pa·

679 1479 760 1531 rum
792 1454 917 1543 refert,
950 1462 987 1529 et
1018 1451 1244 1531 commutatio
1275 1452 1486 1552 explicatur,
1519 1476 1626 1551 quam
1659 1475 1802 1527 rrnnus
1832 1450 1962 1541 subiit,
1995 1459 2032 1527 et
2055 1478 2211 1554 compra-

679 1574 786 1651 batur
815 1582 932 1649 nostra
965 1572 1010 1649 de
1038 1572 1204 1672 religione
1234 1570 1433 1657 Christiana
1467 1598 1512 1649 or
1542 1572 1619 1647 Deo
1649 1578 1726 1647 orta
1759 1569 1950 1669 persuasio.
1999 1573 2076 1663 Qua
2105 1574 2149 1651 de
2173 1600 2212 1664 re

680 1693 731 1770 rio
766 1692 922 1769 sentiunt
954 1691 1148 1791 theologiae
1177 1689 1378 1781 reontioris
1413 1698 1616 1767 secutorem
1652 1691 1863 1769 asseveranti
1892 1714 2013 1769 ranno
2037 1717 2113 1775 sere
2138 1695 2210 1771 Do-

678 1815 819 1891 minum
851 1812 978 1889 vidisse
1012 1812 1161 1888 libenter
1192 1811 1362 1901 eredunt,
1396 1811 1459 1889 sed
1495 1811 1718 1911 phantasiae,
1752 1836 1823 1887 non
1855 1813 2007 1912 eorporis
2035 1813 2150 1892 oculis
2172 1816 2212 1895 id

673 1930 811 2029 ,aarum
842 1956 917 2009 asse
943 1932 1129 2033 affirmant..
1176 1932 1215 2007 ln
1242 1925 1356 2012 tribus
1378 1955 1498 2009 accan
1520 1931 1777 2008 narrationibus
1800 1956 1878 2009 eam
1905 1932 2105 2009 desiderant
2127 1960 2209 2015 oon·

678 2054 831 2130 cordiam
854 2060 889 2129 at
911 2050 1215 2151 perspicuitatem,
1248 2076 1338 2150 quae
1359 2052 1510 2129 intesta
1535 2051 1706 2152 locuplete
1732 2050 1938 2151 requiritur;
1963 2078 2033 2130 non
2057 2078 2210 2134 rannmr

679 2198 722 2249 er
756 2197 873 2261 anor,
907 2172 970 2249 sed
999 2171 1093 2247 huno
1124 2196 1168 2247 er
1201 2170 1262 2247 illo
1287 2172 1532 2272 orpheandum
1558 2197 1634 2251 esse
1660 2183 1823 2264 monent;
1856 2173 2067 2273 Apostolum
2090 2177 2208 2258 reneri

677 2295 785 2370 otiam
819 2298 931 2369 aetate
965 2292 1008 2369 ἐν
1039 2290 1216 2371 ἐκστάσει
1250 2292 1399 2368 visiones
1431 2292 1705 2393 contemplatum
1737 2292 1846 2369 fuisse
1873 2294 2081 2371 testimoniis
2111 2296 2207 2373 evin-

677 2422 782 2503 cunt,
817 2437 929 2489 rrnnr
961 2412 1164 2512 ingenium,
1200 2412 1367 2491 adhibitis
1397 2412 1492 2489 illius
1524 2413 1700 2514 epistolis,
1739 2412 1788 2489 sio
1826 2420 2027 2514 exponunt,
2063 2422 2104 2490 nt
2135 2440 2206 2515 quo

677 2535 795 2611 animo
831 2532 997 2611 adversus
1031 2532 1247 2609 Christianos
1279 2532 1457 2623 saevierit,
1494 2533 1581 2631 quid
1612 2533 1834 2632 potissimum
1863 2534 1901 2609 in
1926 2534 1997 2610 illis
2021 2535 2205 2636 reprehen-

677 2655 788 2744 derit,
814 2652 902 2753 quid
926 2653 1070 2731 tandem
1097 2654 1301 2753 scrupulum
1321 2654 1354 2729 ei
1374 2652 1551 2744 iniecerit,
1574 2653 1716 2754 penitus
1739 2653 2007 2755 perspiciamus3
2033 2656 2206 2736 visionum

675 2775 828 2873 denique
860 2772 1031 2873 originem
1063 2780 1099 2849 st
1130 2780 1313 2861 naturam,
1345 2772 1564 2873 physiologia
1589 2781 1627 2852 et
1649 2775 1874 2876 psychologia
1895 2774 1934 2852 in
1954 2776 2122 2853 auritium
2145 2802 2205 2853 vo·

675 2894 782 2983 eatis,
807 2891 856 2969 sie
877 2893 1070 2992 explicent,
1107 2902 1146 2969 at
1170 2892 1346 2992 quomodo
1370 2894 1513 2967 tandem
1538 2916 1679 2969 annuus
1704 2918 1894 2970 carrarum
1910 2893 2206 2993 ’δεδοξασμένον

675 3014 791 3087 videre
824 3013 977 3111 potuerit
1008 3012 1160 3087 diluoide
1190 3016 1364 3109 appareat.
1414 3008 1628 3083 Miraculum
1654 3010 1704 3085 sio
1729 3018 1891 3109 superest
1908 3013 2065 3105 nullum;
2090 3024 2128 3091 at
2147 3041 2206 3097 su·

673 3138 790 3234 pereat
825 3153 974 3204 enniani
1008 3129 1169 3229 spiritus,
1204 3129 1241 3206 in
1272 3127 1398 3204 animia
1428 3127 1586 3204 fidelium
1614 3127 1796 3218 habitans,
1830 3130 1876 3206 ad
1897 3155 2014 3206 veram
2037 3133 2207 3231 pietatem

675 3263 712 3330 et
743 3252 909 3346 virtutem
942 3273 1002 3324 eos
1031 3248 1240 3340 informans,
1275 3248 1517 3326 inconcussam
1543 3247 1728 3338 fiduciam,
1752 3249 1976 3349 patientiam,
1999 3261 2206 3335 mansuetu.

675 3373 794 3450 ffinem
825 3379 862 3446 et
890 3377 1053 3446 mutuam
1087 3368 1268 3446 canutam
1298 3367 1343 3446 iis
1371 3375 1552 3466 tamquam
1582 3367 1767 3468 inspirans.
1816 3369 1889 3445 Hic
1916 3370 2011 3446 enim
2039 3372 2204 3472 spiritua,

675 3491 867 3568 divinitatis
906 3515 990 3566 snae
1025 3489 1179 3590 optimus
1214 3489 1365 3580 vindex,
1400 3513 1512 3565 raum
1544 3488 1718 3588 impetum
1756 3487 1862 3590 fregit
1898 3497 1934 3565 et
1965 3491 2133 3570 fiduciam
2163 3495 2202 3572 in

673 3615 849 3689 ludaismo
869 3612 1018 3712 positam
1037 3610 1276 3700 labefactavit,
1295 3609 1406 3686 donee
1422 3609 1566 3686 tandem
1584 3634 1627 3688 ex
1645 3609 1832 3686 Pharisaeo
1849 3610 2088 3687 Christianum
2109 3611 2200 3690 face·

644 3742 737 3836 ¹ret.
787 3731 880 3824 erid
915 3731 985 3807 Vos
1020 3731 1196 3822 sentiatis,
1231 3731 1332 3808 Aah!
1367 3731 1509 3830 ignoro:
1544 3729 1633 3807 mihi
1665 3754 1746 3805 vero
1776 3728 1861 3808 hoec
1892 3729 2029 3807 divinae
2055 3731 2200 3830 originis

672 3850 909 3951 comprobatio
939 3859 976 3928 et
1007 3850 1143 3952 gravior
1164 3857 1200 3928 et
1223 3851 1302 3926 Deo
1326 3849 1464 3950 dignior
1483 3849 1620 3926 videtur
1641 3873 1749 3948 quam
1775 3847 1866 3924 vocis
1886 3848 2098 3949 luminisque
2121 3875 2199 3926 eoo·

672 3973 769 4048 lestis
788 3978 1008 4072 portentum,
1033 3973 1129 4072 quod
1149 3995 1261 4047 rrum
1281 3970 1399 4048 oculos
1419 3969 1661 4071 potiusquam
1683 3969 1841 4046 animum
1863 3969 2047 4068 percellere
2063 3967 2199 4056 debuit,

723 4093 781 4169 Sio
808 4091 896 4166 nihil
918 4092 1079 4191 religioni
1103 4091 1320 4168 Christianae
1346 4090 1504 4190 derogari
1526 4097 1669 4191 apparet
1693 4088 1833 4164 sublato
1854 4087 2198 4189 supranaturalismo.

670 4212 754 4286 Non
786 4213 909 4310 ignoro
937 4211 1121 4311 equidem,
1156 4212 1254 4288 hand
1283 4235 1433 4310 paucos,
1466 4210 1522 4288 his
1552 4208 1874 4288 ratiocinationibus
1902 4233 1973 4284 non
2003 4217 2198 4309 permotos,

671 4329 760 4404 illud
788 4355 995 4429 pernegare,
1020 4356 1109 4430 quos
1131 4333 1162 4408 ri
1184 4333 1386 4422 audiamus,
1410 4332 1460 4409 sie
1482 4332 1610 4408 ooaluit
1632 4330 1754 4431 religio
1776 4354 1857 4406 oum
1882 4329 2018 4430 vulgari
2038 4330 2084 4404 de
2103 4329 2199 4408 illius

671 4447 804 4547 origine
829 4447 979 4538 theoria,
1002 4456 1044 4526 nt
1068 4450 1142 4526 sino
1162 4451 1227 4528 hae
1246 4461 1337 4529 stare
1357 4452 1417 4529 illa
1436 4461 1597 4552 nequeat.
1647 4454 1742 4544 Quos
1767 4450 1942 4550 quomodo
1967 4449 2198 4549 redarguam,

669 4593 741 4644 non
766 4566 883 4658 video;
908 4592 973 4644 noo
993 4575 1112 4646 tamen
1135 4595 1192 4647 me
1215 4571 1397 4670 perturbat
1419 4571 1647 4662 confidentia,
1672 4597 1742 4671 qna
1765 4571 1974 4649 metentium
1995 4593 2095 4653 suam
2116 4591 2197 4668 pro-

668 4688 844 4766 nuntiant
894 4687 935 4763 Si
964 4711 1085 4767 ranno
1116 4690 1162 4767 ab
1196 4690 1564 4782 ludoao-Ohristianis,
1598 4690 1830 4771 usurasne
1855 4690 1902 4768 ab
1927 4690 2100 4790 Episcopo
2123 4688 2196 4764 Ro·

665 4833 771 4888 mano
803 4808 976 4910 appellare
1005 4811 1052 4888 nd
1083 4835 1183 4890 suem
1208 4810 1454 4890 conmientinm
1477 4810 1595 4905 benit,
1618 4811 1868 4891 recentioribus
1893 4809 2065 4912 droologis
2093 4831 2195 4894 eunt-
