4967 6175
696 620 739 686 le
1286 616 1621 685 SUUM

693 824 832 902 ritatem
861 848 942 925 pree
974 848 1010 899 se
1043 822 1191 899 ferentes
1221 848 1340 899 revere
1371 824 1408 899 in
1438 822 1722 927 interpretatione
1747 847 1850 898 suum
1875 830 2104 924 sequerentur
2127 823 2218 901 arbi·

692 952 832 1022 tratum.
883 943 990 1023 Quod
1019 944 1131 1044 megs
1157 944 1264 1020 etism
1297 944 1387 1021 adet
1421 944 1466 1020 de
1501 944 1684 1046 allegorica
1718 941 1869 1043 exegesi.
1919 944 2126 1045 luterregeti
2157 968 2220 1021 our

691 1072 728 1140 et
760 1064 900 1164 quaudo
930 1066 1018 1140 hene
1052 1073 1261 1165 sequantur,
1296 1065 1372 1142 eius
1404 1064 1544 1165 patroni
1576 1063 1808 1165 respondent,
1844 1086 2000 1155 mesum,
2018 1089 2053 1163 q.
2074 1064 2110 1139 d.
2141 1064 2217 1141 lita·

690 1185 797 1261 relem
828 1184 1095 1284 relinquendum
1128 1210 1225 1275 esee,
1263 1185 1474 1285 ubicumque
1507 1184 1652 1261 absurdi
1685 1183 1773 1284 quid
1794 1190 1857 1259 aut
1876 1182 2000 1259 absoni
2021 1192 2085 1259 aut
2110 1185 2217 1261 eccle·

688 1306 844 1382 siastioae
882 1306 1056 1381 doctrinae
1087 1306 1249 1382 contrarii
1281 1306 1338 1381 hic
1375 1306 1552 1382 continere
1587 1304 1766 1393 videatur,
1797 1304 1973 1403 quomodo
2005 1327 2085 1379 vcro
2114 1305 2218 1382 hosce

689 1427 777 1501 fines
809 1426 1041 1516 constituent,
1073 1448 1180 1526 penes
1205 1426 1360 1526 singulos
1386 1438 1441 1501 est
1465 1424 1646 1502 iudicium.
1697 1424 1779 1499 Non
1804 1447 1934 1525 paucos
1960 1423 2132 1523 quosdam
2155 1449 2216 1501 ne·

689 1571 757 1645 qne
786 1546 955 1645 ignobiles
984 1546 1039 1621 hic
1068 1571 1160 1621 error
1185 1546 1329 1621 invasit:
1367 1553 1504 1622 tantam
1529 1545 1744 1646 pedetentim
1771 1543 2012 1619 auctoritatam
2039 1544 2110 1619 sibi
2134 1568 2214 1621 eou-

686 1664 813 1739 ciliavit
836 1664 1016 1765 allegorica
1037 1665 1297 1765 interpretatio,
1330 1674 1391 1756 nt,
1417 1666 1480 1765 qui
1500 1689 1594 1741 unus
1611 1664 1683 1741 lere
1700 1671 1794 1741 recte
1815 1688 1934 1763 sapere
1955 1686 2064 1739 ausus
2083 1664 2216 1754 luerat,

685 1808 904 1861 nunononus
927 1788 1184 1883 Mopsuesteeus
1204 1786 1241 1861 in
1263 1785 1419 1861 Concilio
1446 1784 1679 1861 Oeeumenicc
1706 1788 1755 1859 ὅθ
1773 1784 1838 1861 hae
1857 1784 1964 1860 etiam
1988 1783 2032 1860 de
2052 1810 2157 1862 cause
2170 1784 2215 1861 eb
2322 1855 2327 1861 ,

686 1905 840 1979 Ecclesia
873 1904 1059 1979 damnatus
1093 1906 1148 1981 sit.
1197 1908 1267 1981 Per
1292 1906 1448 1983 medium
1475 1930 1601 1981 aevum
1627 1905 1787 1981 eamdem
1814 1904 1966 2004 vigmsse
1990 1904 2215 1994 methodum,

686 2050 767 2101 oum
798 2028 839 2100 es
871 2048 961 2122 quse
989 2025 1226 2101 ecclesiasticis
1251 2027 1387 2126 placitis
1411 2026 1576 2101 adhaeret
1598 2026 1728 2101 sensim
1751 2025 2020 2113 coslemutem,
2052 2025 2131 2124 quis
2153 2050 2214 2099 ne·

687 2144 777 2219 soit?
810 2145 844 2219 A
864 2144 1009 2219 Petrum
1031 2145 1234 2221 auctoritate
1255 2154 1292 2221 et
1308 2147 1488 2245 exemplo,
1512 2145 1559 2221 ab
1582 2167 1792 2221 suousrrrro
1816 2144 2019 2244 praesertim
2040 2144 2215 2221 discedere

685 2288 788 2339 nemo
817 2264 854 2337 in
889 2263 1078 2341 Occidente
1108 2265 1176 2340 sibi
1203 2266 1385 2355 sumebst;
1411 2265 1554 2341 ecclesie
1578 2290 1659 2341 vero
1679 2268 1832 2352 Graeca,
1858 2262 1922 2339 ubi
1946 2262 2119 2364 theologia
2136 2288 2214 2362 pro·

684 2384 758 2483 pria
791 2384 839 2459 sic
867 2384 1025 2460 dictans
1048 2386 1207 2462 exstabat
1232 2387 1400 2486 quidem,
1424 2386 1463 2459 in
1487 2384 1690 2485 colligendis
1710 2384 1935 2484 antiquorum
1958 2383 2213 2483 interpretatio·

684 2503 790 2579 nibus
814 2504 997 2603 acquievit.
1095 2524 1097 2529 ·

731 2622 845 2721 Atqui
882 2630 1030 2697 aetatem
1070 2623 1251 2722 antiquam
1286 2636 1349 2699 eut
1382 2623 1534 2699 mediam
1572 2624 1800 2701 haecomnia
1846 2631 2028 2724 spectant,
2065 2645 2212 2721 quarum

682 2766 812 2817 errores
843 2743 972 2840 posteri
1005 2743 1166 2819 vitarunt
1228 2744 1282 2818 Sit
1304 2745 1375 2834 ito,
1400 2768 1616 2843 quamquam
1639 2744 1701 2819 ubi
1724 2746 1813 2822 fides
1834 2743 2112 2821 Christianorum
2133 2741 2212 2817 uni·

681 2862 822 2937 vernois
849 2862 1050 2951 invocatur,
1084 2871 1245 2962 tempora
1281 2865 1478 2962 antiquiore
1512 2864 1689 2964 negligere
1723 2890 1794 2939 non
1831 2865 1921 2940 licet.
1972 2864 2064 2952 Sed,
2102 2862 2133 2935 si
2164 2860 2213 2936 ita

682 2981 841 3070 videtur,
876 2982 922 3054 nd
958 2982 1075 3055 secula
1108 2982 1298 3057 recentiora
1333 2984 1558 3058 attendamus
1591 2985 1767 3061 animum!
1814 2967 1927 3059 Nemo
1961 3004 2045 3057 sane
2074 2981 2215 3079 ignoret

683 3123 887 3177 cursurum
923 3125 959 3174 se
992 3125 1062 3175 non
1097 3101 1311 3201 praestitisse
1341 3105 1558 3179 auctoritatis
1581 3105 1777 3181 Literurum
1801 3106 1981 3180 Sacrorum
2005 3108 2215 3201 pullenum»

684 3221 745 3320 qui
773 3219 804 3295 si
835 3220 1065 3296 existimasset
1093 3220 1157 3296 hoo
1184 3246 1259 3296 esse
1286 3222 1438 3298 hominis
1464 3224 1674 3315 Christiani,
1706 3234 1747 3300 ut
1771 3224 1928 3326 singulos
1954 3222 2139 3320 utriusque
2160 3219 2215 3299 in·¹

681 3341 868 3417 strumenti
897 3341 1002 3416 libros
1033 3366 1095 3441 pro
1127 3340 1255 3416 divinis
1281 3343 1442 3433 haberet,
1467 3345 1648 3422 notissima
1674 3346 1733 3421 illu
1759 3345 1804 3422 de
1830 3367 1956 3420 rsooar
1980 3341 2148 3444 epistola,
2171 3339 2216 3416 de

682 3461 911 3560 Apocalypsi,
938 3461 981 3534 de
998 3462 1176 3561 prophetis
1195 3462 1325 3538 iudicia
1344 3489 1414 3538 non
1434 3466 1647 3563 protulisset.
1698 3467 1769 3540 Sed
1788 3489 1833 3539 ne
1852 3486 2038 3540 cernuus
2052 3461 2214 3562 quidam,

682 3579 729 3655 ed
761 3580 898 3656 serioris
933 3583 1056 3658 aetatis
1088 3583 1297 3658 sententiam
1331 3585 1559 3660 orthodoxam
1586 3587 1618 3660 si
1644 3585 1835 3674 iudicetur,
1869 3583 2055 3660 incolumis
2078 3580 2212 3659 erodet

682 3699 919 3776 Nihilominus
941 3700 1027 3776 illud
1052 3701 1270 3800 largiendum
1296 3710 1372 3791 est,
1396 3705 1694 3795 Protestantium,
1720 3706 2001 3782 Reformatorem
2025 3699 2214 3802 imprimis.

683 3819 790 3896 libros
825 3819 1030 3918 symbolicos
1065 3822 1161 3896 Sacri
1194 3822 1333 3897 Codicis
1367 3825 1610 3900 auctoritatem
1649 3825 1831 3925 agnovisse
1864 3825 1910 3900 ad
1947 3848 2060 3900 unum
2083 3841 2214 3897 omnes.

684 3941 792 4020 Quod
828 3949 867 4015 ut
893 3941 1064 4030 facerent,
1095 3967 1163 4016 non
1195 3966 1320 4040 porum
1344 3944 1566 4020 contulerunt
1587 3946 1854 4036 controversiae,
1882 3969 1973 4045 quae
1997 3952 2081 4019 tune
2104 3939 2212 4040 egita·

683 4059 831 4150 bsntur‚
866 4086 946 4138 oum
979 4063 1159 4138 Romanae
1190 4062 1352 4140 ecclesiae
1376 4064 1567 4166 theologis:
1600 4065 1801 4154 traditioni,
1825 4065 1871 4141 ad
1895 4090 2003 4163 quam
2022 4064 2075 4140 illi
2093 4084 2213 4161 provo·

684 4180 830 4270 cabant,
862 4183 1091 4281 opponendus
1121 4183 1305 4259 videbatur
1331 4185 1461 4276 codex,
1495 4209 1601 4284 quem
1635 4185 1787 4260 iudicem
1821 4186 1961 4261 relicere
1985 4207 2092 4258 nemo
2117 4179 2215 4258 ucite

684 4298 723 4372 in
757 4300 914 4376 animum
943 4301 1107 4376 inducere
1139 4311 1284 4401 poterat.
1335 4305 1406 4380 Sed
1437 4305 1503 4381 hoc
1530 4304 1856 4403 quomodocumque
1880 4327 1958 4380 sese
1980 4303 2107 4389 habet,
2131 4301 2215 4374 Pru·

685 4419 890 4494 metantium
926 4419 1073 4496 familias
1109 4421 1204 4496 Sacri
1236 4422 1376 4498 Codicis
1407 4425 1648 4517 auctoritatem
1683 4423 1887 4514 sanavisse,
1918 4445 2022 4500 nemo
2045 4439 2217 4518 umquem

684 4537 722 4612 iu
755 4537 903 4612 dubium
934 4538 1087 4614 vocabit:
1120 4539 1185 4614 hoc
1211 4551 1329 4617 autem
1355 4543 1534 4618 decretum
1560 4544 1670 4642 pluris
1696 4542 1803 4620 etiam
1827 4542 2092 4618 aestimabimus
2112 4561 2216 4637 rapu·

685 4665 822 4745 tentes,
856 4681 995 4732 sensum
1030 4658 1195 4735 librorum
1229 4686 1403 4737 sacrorum
1437 4662 1665 4762 multiplicem
1697 4662 1744 4740 ab
1776 4663 1902 4737 iisdem
1925 4685 1996 4738 non
2022 4660 2131 4736 fuisse
2152 4656 2216 4742 adr

685 4777 842 4861 missum.
894 4777 1088 4854 Careamus
1116 4787 1231 4854 tomen
1256 4806 1301 4856 ne
1322 4781 1453 4858 nubem
1479 4805 1542 4880 pro
1566 4784 1696 4857 lunone
1717 4783 1978 4881 amplectamur.
2028 4781 2111 4854 Non
2136 4799 2215 4877 pro·
