4967 6175
690 692 711 755 8
1284 688 1325 757 A.
1365 690 1622 756 Kuuuun

738 895 883 971 Habent
914 919 1015 983 sane,
1050 894 1113 993 qui
1146 893 1195 969 its
1231 894 1407 984 sentium,
1439 895 1534 995 quod
1555 893 1721 994 temporis
1743 892 1852 967 nostri
1879 891 2158 993 depravationem
2184 900 2220 968 et

690 1016 833 1115 lugeant
856 1022 891 1089 et
916 1013 1150 1089 reformident.
1201 1014 1467 1113 Qualeeumque
1491 1014 1584 1090 enim
1608 1013 1652 1088 de
1673 1012 1847 1113 theologie
1869 1012 1948 1102 illa,
1974 1036 2081 1111 quem
2102 1036 2219 1087 recen·

689 1134 812 1209 tiorem
846 1134 958 1209 dicere
983 1133 1097 1209 visum
1121 1142 1194 1221 est,
1224 1133 1376 1209 ieramus
1400 1133 1591 1221 indicium,
1615 1134 1680 1208 hoc
1704 1133 1788 1207 satis
1814 1140 1969 1221 constat,
1993 1131 2088 1207 illins
2111 1138 2220 1207 secta·

687 1262 778 1329 tores
804 1278 869 1329 nec
892 1278 1021 1353 paucos
1046 1278 1121 1327 esse
1149 1277 1212 1327 nec
1235 1252 1517 1329 contemnendos.
1567 1252 1738 1327 Cohaeret
1761 1251 1883 1350 utique
1904 1274 2026 1326 eorum
2048 1251 2221 1326 sentiendi

689 1374 777 1449 ratio
799 1397 881 1449 cum
902 1382 1097 1472 temporum
1122 1372 1253 1471 quihus
1275 1372 1423 1448 vivimus
1443 1371 1661 1471 proprietate.
1709 1370 1817 1449 Quod
1837 1370 1868 1444 si
1887 1370 1976 1445 forte
1996 1394 2123 1471 neges,
2149 1394 2220 1469 quo

691 1500 732 1567 tu
766 1494 869 1568 modo
902 1493 1069 1592 explices,
1104 1516 1254 1590 quaeso,
1287 1491 1383 1590 quod
1414 1515 1483 1565 non
1517 1492 1585 1565 rari
1614 1499 1782 1589 apparent
1813 1513 1927 1588 neque
1959 1489 1996 1563 in
2032 1513 2102 1564 una
2126 1488 2219 1563 orbis

689 1610 876 1685 Christiani
907 1618 1025 1709 perte,
1059 1607 1121 1682 sed
1153 1608 1327 1706 undique,
1363 1609 1463 1707 quasi
1495 1607 1595 1683 humi
1618 1609 1776 1683 mortalia
1806 1608 1938 1683 semina
1962 1608 2049 1683 alter
2071 1631 2218 1682 cunnos

689 1729 867 1828 sparserit,
890 1728 1012 1803 crescit
1035 1750 1134 1827 seges
1154 1728 1311 1825 clypeata
1333 1728 1508 1803 virorum?
1543 1728 1770 1803 Germaniam
1795 1752 1897 1804 uram
1918 1728 2106 1803 contulisse
2129 1752 2218 1802 mes-

689 1873 763 1923 sem
796 1871 899 1921 nemo
935 1846 1118 1921 mirabitur
1148 1847 1210 1944 qui
1239 1847 1469 1945 reputaverit,
1494 1846 1714 1946 praecipuam
1741 1870 1819 1921 eam
1846 1870 1923 1923 esse
1949 1846 2142 1947 theologiae
2165 1872 2217 1922 se·

690 1968 786 2055 dem;
822 1967 883 2041 sed
916 1990 1029 2064 neque
1062 1966 1223 2041 Helvetia
1259 1966 1374 2054 deest,
1405 1991 1468 2040 nec
1501 1965 1612 2065 petria
1643 1974 1779 2055 nostra;
1814 1966 1867 2040 vel
1900 1966 1937 2041 in
1963 1967 2126 2055 Francia,
2157 1965 2219 2040 ubi

689 2086 880 2185 theologiae
914 2085 1070 2159 studium
1105 2085 1167 2160 diu
1200 2085 1326 2174 iacuit,
1361 2085 1596 2161 recentissima
1630 2084 1689 2160 illa
1716 2109 1797 2160 suos
1826 2085 1933 2161 hahet
1957 2086 2109 2161 cultores
2116 2120 2127 2174 ;
2157 2110 2217 2159 ne·

691 2230 760 2303 que
796 2206 832 2278 in
867 2204 1027 2279 Americn
1058 2204 1316 2292 desiderentur,
1348 2212 1456 2293 teste,
1492 2228 1598 2304 quem
1634 2229 1744 2281 unum
1780 2204 1919 2278 honoris
1949 2230 2054 2279 causa
2088 2204 2217 2292 excito,

691 2346 888 2399 nunonouo
924 2344 1114 2411 russeum
1147 2324 1219 2397 imo
1252 2346 1297 2397 ne
1333 2324 1498 2423 Angliam
1522 2324 1686 2422 quidem,
1710 2323 1934 2399 orthodoxiae
1963 2324 2064 2423 qussi
2086 2346 2218 2412 aream,

691 2444 861 2541 depellere
892 2442 1046 2542 potuisse
1077 2442 1260 2517 hodiernos
1290 2444 1367 2517 eius
1397 2452 1674 2543 oppugnatores,
1700 2441 1996 2541 truheeprohant
2019 2442 2220 2519 breviante

691 2588 713 2638 a
735 2561 905 2661 theologia
926 2560 1102 2645 nonnullis
1125 2562 1386 2637 Osoniensihus
1407 2572 1532 2637 motae.
1580 2562 1680 2637 Haec
1704 2563 1821 2637 omnia
1843 2561 2100 2638 considerantes
2121 2563 2219 2638 facile

691 2682 940 2769 concedemus,
975 2680 1209 2757 dubitationes
1231 2683 1275 2757 de
1299 2682 1435 2781 placitis
1455 2682 1715 2771 ecclesiasticis,
1738 2707 1829 2782 qnae
1852 2684 2031 2757 communi
2054 2706 2217 2781 suprana-

691 2800 861 2875 turalismi
898 2801 1125 2877 fundamento
1156 2802 1373 2891 innituntur,
1407 2826 1478 2877 non
1512 2802 1600 2877 torte
1628 2802 1766 2877 somnne
1793 2810 1929 2877 exortes
1955 2802 2019 2877 sed
2042 2802 2219 2877 mentibus

690 2919 891 3008 homiuum,
926 2921 986 3019 qui
1023 2944 1117 2995 nunc
1151 2920 1290 3010 vivunt,
1319 2922 1442 2996 insitas
1472 2945 1558 2996 esse.
1609 2921 1708 3000 Quid
1729 2922 1863 3022 igitur?
1912 2922 2013 2996 Num
2035 2944 2153 2996 revera
2173 2919 2219 2995 ah

690 3039 754 3126 iis,
787 3038 850 3136 qui
879 3038 928 3112 sic
962 3040 1138 3128 sentiunt,
1171 3039 1331 3140 religioni
1361 3041 1577 3118 Christianae
1597 3042 1789 3142 pericnlum
1811 3042 1972 3117 imminet
1995 3065 2037 3116 eo
2059 3040 2217 3140 gaurs,

692 3179 763 3256 qno
786 3154 890 3229 latius
911 3177 1004 3230 error
1025 3157 1238 3255 proserpsit?
1286 3159 1385 3232 Num
1411 3167 1503 3236 recte
1524 3160 1697 3250 indicant,
1721 3161 1801 3260 qui,
1826 3163 1894 3238 nisi
1921 3162 2031 3237 dubia
2052 3160 2119 3235 ists
2139 3183 2218 3259 pm·

691 3276 877 3375 digentnr,
901 3273 984 3348 fidei
1010 3275 1238 3350 vaticinantur
1265 3275 1467 3353 interitum?

740 3393 809 3468 Cui
830 3393 1025 3492 quaestioni
1045 3394 1076 3468 si
1095 3395 1184 3470 hanc
1204 3395 1342 3472 dicendi
1365 3399 1658 3497 opportunitatem
1681 3406 1805 3475 nactus
1825 3401 2031 3500 respondere
2050 3396 2218 3484 conam,

692 3511 787 3587 haud
811 3535 927 3587 vereor
951 3535 1033 3588 sene
1058 3537 1102 3587 ne
1124 3525 1371 3615 argumentum
1394 3517 1504 3592 levius
1523 3517 1612 3592 mihi
1632 3519 1852 3594 trmtandum
1873 3519 2064 3619 sumpsisse
2084 3516 2219 3603 vidmr,

692 3631 882 3707 dummodo
901 3656 946 3706 ne
964 3632 1000 3706 in
1021 3633 1224 3709 temeritatis
1245 3637 1546 3735 reprehensionem
1563 3637 1747 3714 incurram.
1781 3640 1901 3718 Quem
1921 3647 1961 3714 ut
1980 3657 2220 3713 amemoeam

650 3815 652 3820 ,
691 3749 869 3827 historiam
900 3759 1025 3828 testem
1056 3751 1220 3828 adhihere
1253 3756 1368 3844 iuvat,
1398 3757 1637 3856 gravissimam
1668 3758 1821 3856 proiecto
1846 3782 1911 3834 nee
1932 3756 2098 3856 cuiquam
2121 3753 2220 3828 facile

690 3872 927 3947 recusandam.
987 3871 1110 3946 Dicam
1140 3895 1223 3972 ergo
1254 3877 1297 3949 de
1329 3877 1492 3975 rets'ps'oae
1525 3877 1721 3951 Christiana
1738 3903 1808 3974 per
1835 3880 2013 3952 cantiam
2034 3875 2221 3972 sescupiae

692 3996 961 4066 mercatores
985 3992 1051 4066 sibi
1075 3996 1241 4067 constanti
1263 4002 1299 4067 ct
1320 3996 1486 4070 ineolumi.
1537 3994 1629 4085 Vos,
1653 4021 1725 4094 qua
1750 3996 1835 4071 estis
1856 3996 2095 4083 humanitate,
2119 4015 2221 4068 aures

693 4109 779 4183 mihi
803 4109 983 4208 praebete,
1008 4110 1037 4184 si
1061 4135 1131 4210 qua
1157 4135 1214 4185 me
1237 4113 1349 4188 invito
1369 4114 1406 4187 in
1430 4115 1620 4190 orationem
1647 4115 1823 4215 irrepserit
1847 4114 2023 4191 barbaries
2043 4115 2220 4215 ignoscere

576 4251 578 4264 ·
692 4228 821 4325 parati:
847 4253 909 4327 pro
933 4229 1021 4304 virili
1042 4230 1134 4305 enim
1165 4239 1263 4330 parte
1286 4241 1326 4307 ut
1347 4257 1464 4309 rerum
1486 4244 1522 4310 et
1544 4234 1725 4310 verborum
1749 4234 1956 4310 discordiam
1979 4255 2218 4334 componerem

695 4344 846 4420 luctatus
870 4371 967 4436 sum;
994 4373 1036 4424 ex
1059 4373 1129 4447 qua
1155 4351 1248 4425 lucta
1267 4376 1311 4426 an
1332 4356 1528 4429 emerserim
1554 4354 1626 4430 Vos
1650 4354 1832 4430 videbitis!
1964 4445 1969 4456 Ι

744 4583 923 4682 Quotquot
957 4585 1163 4684 religionem
1201 4586 1435 4665 Christianam
1466 4615 1548 4667 cum
1584 4591 1718 4692 placitis
1748 4591 1950 4692 theologicis
1979 4613 2047 4664 non
2081 4609 2222 4688 prorsus

696 4702 932 4792 contundunt,
967 4703 1022 4778 his
1051 4704 1145 4779 illum
1181 4705 1402 4804 superstitem
1433 4720 1470 4781 et
1500 4708 1608 4784 fuisse
1635 4716 1672 4784 et
1701 4708 1773 4784 lore
1805 4707 1880 4783 sine
1911 4708 1982 4783 ulla
2004 4705 2222 4782 dubitatione

696 4823 894 4898 concedent.
953 4825 1009 4898 Ne
1043 4822 1079 4897 in
1100 4823 1273 4899 acerrimis
1304 4824 1445 4923 quidem
1474 4826 1697 4903 orthodoxiae
1726 4827 1974 4904 ecclesiasticae
1996 4824 2151 4926 patronis
2168 4829 2223 4899 est
