4967 6175
927 676 1206 749 ostento.
1787 680 1830 749 w

299 893 381 965 tum
413 882 488 963 fieri
521 890 640 983 posset
669 880 953 981 exstirparentur.
997 886 1124 985 Neque
1146 884 1193 963 ob
1217 884 1282 961 huc
1304 884 1476 961 sententia
1497 884 1650 963 multum
1676 883 1829 963 discede-

303 1005 366 1083 bat
400 1002 521 1081 infelix
557 999 690 1079 omne
725 1000 980 1093 Borboncnsim
1015 1030 1106 1105 quee
1137 1028 1208 1082 non
1243 1002 1353 1080 inrito
1383 1027 1667 1081 resurrecturo
1688 1005 1725 1081 in
1751 1029 1829 1109 reg-
1864 1066 1872 1076 .

301 1146 388 1201 num
423 1121 584 1199 restituta
613 1122 667 1215 ¹),
704 1144 829 1220 parum
859 1122 1092 1215 addidiceret‚
1127 1124 1341 1201 dedidicerat
1373 1125 1474 1200 nihil.
1530 1126 1624 1201 Nem
1663 1132 1704 1202 ut
1737 1135 1829 1204 sete

302 1267 381 1323 rum
410 1242 576 1319 Franciae
609 1240 877 1339 municipiorum
912 1241 1107 1325 libertatem
1132 1243 1273 1345 tregia
1298 1243 1536 1321 munificentie
1561 1246 1757 1345 repetebat,
1780 1248 1831 1325 ita

303 1388 421 1465 regem
446 1363 562 1443 adbuc
589 1384 777 1463 perennem
800 1360 931 1441 lentem
954 1362 1177 1465 praedicebat
1198 1363 1336 1453 iurum,
1361 1390 1512 1465 quorum
1531 1365 1717 1467 participes
1737 1367 1830 1445 eires

303 1485 427 1565 tierent
445 1486 501 1577 ⁸),
534 1493 611 1559 tum
645 1506 725 1559 uero
759 1481 797 1559 in
831 1483 931 1560 aulee
962 1482 1201 1572 coerimoniis,
1231 1482 1269 1557 io
1292 1485 1418 1561 veteris
1441 1485 1622 1587 prosapiae
1641 1511 1683 1564 ac
1703 1488 1829 1565 mults·

302 1628 382 1683 rum
414 1602 611 1703 imaginum
644 1600 882 1692 veneratione,
913 1601 952 1679 in
987 1604 1092 1681 sacris
1125 1611 1231 1703 atque
1262 1603 1415 1704 proienis
1436 1606 1649 1707 omninoque
1671 1607 1709 1683 in
1731 1608 1830 1684 aeriis

304 1734 341 1805 et
380 1723 525 1802 ludicris
557 1722 709 1799 reditum
746 1721 891 1821 petebat
922 1722 969 1799 ed
991 1730 1148 1823 tempore
1167 1746 1261 1799 enno
1280 1724 1465 1824 superioris
1488 1726 1597 1801 seculi
1619 1728 1831 1829 octogesimo

302 1866 397 1923 nono
427 1841 637 1941 antiquiora.
688 1840 782 1917 Irriti
809 1848 965 1917 eonatns.
1014 1840 1096 1915 Non
1126 1838 1365 1916 vehementius
1390 1850 1578 1941 tempestus
1596 1843 1830 1946 improvidum

304 1962 460 2064 percellit
478 1960 748 2060 gubernatorem
771 1958 974 2058 csrinasque
997 1966 1141 2059 quesset
1165 1959 1391 2059 imperiosum
1416 1985 1566 2061 sequor,
1590 1988 1697 2061 qoam
1715 1989 1831 2045 cunm

303 2104 544 2161 nunroccoxxx
574 2080 637 2157 lroe
661 2078 815 2155 turberit
838 2102 955 2158 rerum
979 2077 1198 2179 publicorum
1219 2079 1453 2155 moderatores
1472 2104 1664 2182 eorumque
1686 2084 1831 2162 condio

302 2201 448 2283 disiecit.
506 2201 598 2279 sum
640 2199 745 2277 multi
785 2198 1124 2299 circumspicientes,
1158 2198 1245 2297 quid
1281 2206 1318 2273 ct
1354 2198 1418 2274 obi
1450 2209 1568 2275 essent
1602 2210 1829 2302 agnoverunt

301 2323 429 2421 Neque
456 2329 574 2397 temen
604 2320 763 2397 omnium
784 2343 811 2395 e
833 2318 1016 2421 neulrsgic
1041 2318 1270 2419 superstitum
1295 2344 1339 2393 ea
1361 2317 1508 2396 felicius
1530 2321 1609 2399 tuit
1658 2325 1829 2403 Nondum

260 2474 263 2481 ⁴
301 2440 483 2518 revocandi
511 2441 558 2515 ad
592 2439 747 2515 smrulum
779 2448 939 2515 exectum
967 2438 1171 2515 adiumenta
1195 2438 1299 2538 plene
1321 2437 1442 2515 deesse
1465 2440 1681 2520 videbantur.
1717 2442 1829 2520 Haud

302 2560 431 2641 umbe
459 2557 576 2650 enim,
608 2559 654 2637 ab
685 2559 819 2659 aliquot
847 2558 931 2635 inde
964 2560 1065 2636 annis
1088 2558 1280 2635 admodum
1304 2559 1452 2635 crevisse
1474 2571 1630 2637 veterum
1654 2564 1828 2640 Ecclesiae

302 2680 508 2781 dogmatum
544 2704 718 2769 amorem,
752 2686 789 2757 at
824 2679 1085 2779 quaestionem,
1119 2704 1206 2755 oum
1238 2678 1321 2779 quis
1351 2703 1395 2755 ex
1424 2679 1542 2756 enimn
1567 2682 1699 2759 Christi
1721 2684 1828 2760 semu

302 2801 486 2881 devinctus
506 2799 656 2899 piusque
679 2808 791 2890 esset,
815 2798 1006 2875 notissime
1025 2824 1217 2878 connexam
1243 2798 1376 2875 oenseri
1397 2824 1478 2875 cnm
1497 2800 1608 2901 ipsios
1632 2802 1678 2877 dc
1702 2804 1828 2880 horon

297 2921 505 3021 dcqmstum
541 2918 746 2997 auctoritate
776 2920 959 2997 sententie.
1018 2921 1095 2997 Iam
1132 2920 1217 2997 buco
1248 2916 1427 3019 cogitandi
1456 2918 1565 3009 rotie,
1597 2920 1757 3020 plurimis
1791 2928 1829 2998 et

300 3039 555 3120 bmmtissimis
585 3039 692 3116 etiam
728 3038 899 3116 veriorum
933 3038 1114 3140 regionum
1152 3039 1290 3116 civibus
1325 3036 1491 3139 probate,
1524 3038 1689 3117 inservire
1723 3066 1828 3142 posse

299 3161 486 3240 videbatur
505 3157 575 3248 illi,
600 3156 1009 3258 quadrigenarium,
1033 3159 1177 3234 consilio
1196 3156 1426 3257 essequcndc.
1465 3156 1583 3248 Hinc,
1606 3167 1696 3236 teste
1716 3185 1827 3238 nass·

299 3299 557 3366 sunsnroreo,
581 3277 619 3352 iu
639 3275 829 3352 meniu
849 3285 943 3352 certe
962 3275 1106 3352 focum
1126 3275 1190 3352 viri
1210 3275 1343 3376 politici
1362 3284 1400 3350 et
1422 3277 1626 3377 optimates,
1647 3306 1736 3382 qnos
1757 3308 1826 3360 oon

302 3397 450 3499 puderet
478 3395 663 3497 Euangelii
694 3397 905 3496 Interpretes
939 3404 977 3472 ct
1009 3396 1163 3472 meme
1193 3395 1425 3473 Ecclesiastici
1448 3397 1662 3475 &nudatos
1684 3401 1771 3478 lueri
1790 3411 1828 3479 et

302 3515 477 3598 mum
502 3539 564 3616 spe
584 3515 720 3592 allicere
741 3514 789 3590 sd
809 3513 1033 3592 orthodoxiae
1058 3539 1199 3590 censam
1223 3523 1365 3592 nsanos
1387 3517 1573 3609 tundere,
1596 3520 1728 3600 alienos
1744 3547 1827 3604 rere
1881 3601 1887 3618 ,

301 3663 325 3720 s
353 3636 449 3737 turpi
477 3635 600 3722 bande
630 3644 667 3714 et
695 3634 914 3712 simulatione
946 3635 1107 3712 inserturi
1134 3643 1171 3712 et
1198 3659 1323 3712 arcera.
1374 3635 1433 3712 Sic
1463 3637 1578 3729 enim,
1610 3649 1653 3716 nt
1674 3640 1733 3718 ille
1759 3644 1827 3735 ait,

299 3757 502 3836 statuebant
536 3755 614 3832 isti:
656 3779 796 3855 equum
830 3754 913 3834 inde
946 3779 968 3832 a
1001 3779 1117 3831 serum
1147 3756 1186 3830 io
1217 3754 1364 3831 Francia
1386 3756 1610 3834 morosicon
1634 3770 1762 3840 cuneta
1785 3787 1827 3840 eo

301 3884 535 3979 spectassent,
570 3882 612 3952 ut
644 3875 828 3954 Nobilium
862 3884 901 3952 et
930 3875 1141 3952 Clerieorum
1177 3875 1256 3951 inre
1283 3899 1326 3951 ae
1351 3884 1507 3976 potestne
1532 3875 1569 3952 in
1590 3903 1713 3956 omnes
1734 3882 1827 3959 cives

303 3999 591 4088 tmnslerrentur,
626 3998 793 4076 rindiosri
830 4005 968 4100 potrum
1004 3995 1231 4072 hereditatem
1252 4004 1429 4096 opertere:
1462 3997 1500 4071 id
1523 4007 1641 4074 antem
1665 4001 1733 4077 sibi
1752 4027 1825 4079 cea·

305 4144 426 4196 surum
457 4143 533 4194 esee
565 4118 747 4194 utentibus
771 4118 809 4193 in
832 4116 1002 4218 populum
1029 4139 1203 4191 sacrorum
1225 4115 1448 4206 auctoritate,
1474 4141 1545 4215 qna
1566 4118 1598 4193 si
1617 4118 1750 4194 fortiter
1771 4146 1825 4197 re·
1892 4130 1907 4144 ⁸

303 4237 372 4317 bns
394 4237 492 4315 novis
515 4237 553 4314 in
574 4237 652 4338 ipsa
673 4237 828 4314 Ecclesia
850 4235 987 4312 obvium
1008 4235 1137 4326 iretur,
1169 4233 1327 4324 eosdem,
1358 4236 1546 4336 consopitis
1569 4237 1700 4338 quippe
1727 4238 1825 4341 inge·

301 4358 387 4449 niis,
414 4366 539 4459 sponte
564 4381 760 4459 repressum
786 4357 829 4434 iri
850 4356 889 4434 in
913 4354 1062 4434 e’sitate.
1112 4354 1192 4430 Hoc
1216 4353 1360 4431 consilio
1385 4379 1425 4430 se
1448 4355 1581 4456 ubique
1604 4358 1826 4438 Monercbiae

345 4660 356 4698 1

302 4657 374 4914 nixi
399 4658 826 4820 mummi&
843 4755 936 4829 lats,
957 4753 987 4816 is
1011 4754 1163 4817 munte·
1181 4756 1313 4834 aquus·
1332 4759 1381 4818 der
1398 4759 1470 4818 deis
1489 4763 1544 4820 etc
1564 4779 1614 4840 per
1633 4777 1824 4834 corrueres,

383 4897 390 4925 ‚
414 4857 451 4914 ts
473 4870 534 4933 sqq.
