4967 6175
895 710 1174 781 onss10.
1758 709 1801 775 ar
1924 786 1927 791 ,

270 927 416 1009 conlidit
439 924 499 1021 ¹)l’
541 920 701 998 Profecto
737 919 837 995 hoec.
853 920 949 1020 aegri
971 919 1094 1020 capitis
1118 918 1252 995 somnia
1274 943 1345 994 non
1368 917 1559 1019 expediunt
1581 940 1624 991 ex
1651 937 1799 1017 angore,

270 1046 333 1127 aad
368 1048 429 1123 illa
462 1042 625 1144 expedit,
660 1034 764 1117 cuins
797 1039 929 1114 mentio
960 1038 1051 1114 facta
1077 1045 1147 1127 est,
1173 1036 1344 1115 docilitas.
1395 1039 1495 1113 Haeo
1521 1046 1693 1137 quantum
1718 1061 1799 1112 oon·

269 1169 375 1245 ducat
402 1161 626 1263 Principibus
654 1158 701 1235 ad
735 1158 825 1235 vitae
854 1157 1075 1247 felicitatem,
1108 1180 1213 1256 quam
1238 1156 1399 1232 ardenter
1422 1156 1468 1231 sit
1490 1158 1684 1258 expetenda
1705 1158 1797 1258 ipso·

274 1310 352 1365 rum
375 1280 633 1361 successoribus
652 1286 765 1355 aetate
784 1276 1006 1368 florentibus,
1032 1278 1176 1366 moriar,
1201 1276 1246 1351 A.
1260 1277 1324 1367 A.,
1349 1276 1380 1352 si
1401 1277 1485 1353 satis
1504 1276 1798 1380 dignepleneqne

269 1406 422 1483 indicare
453 1426 608 1504 possum.
658 1400 907 1475 Verumtamen
932 1399 1090 1498 gaudeo,
1122 1388 1288 1474 infantiae
1312 1419 1410 1474 meae
1433 1397 1616 1475 subvenire
1637 1399 1797 1499 illustris·

271 1526 350 1603 sinu
371 1524 520 1624 exempli
542 1519 794 1597 auctoritatem.
844 1520 961 1599 Quem
980 1520 1073 1594 enim
1089 1519 1182 1621 fugit
1201 1518 1368 1618 Princeps
1385 1517 1444 1595 ille
1462 1505 1670 1609 armannus,
1695 1521 1795 1597 cuius

271 1642 443 1721 desiderio
466 1640 598 1743 Anglia
623 1641 789 1716 tenetur?
823 1639 948 1716 Movet
969 1664 1033 1715 nos
1055 1640 1184 1715 diserta
1206 1638 1403 1739 Anglorum
1423 1638 1554 1728 oratio,
1577 1639 1683 1715 vitam
1699 1640 1795 1719 illam

269 1762 554 1841 adumbrantium
586 1760 670 1835 indo
700 1786 722 1835 a
746 1760 1025 1835 commorationis
1052 1760 1249 1836 Bonnensis
1270 1769 1425 1860 tempora
1452 1783 1568 1836 rernm
1593 1746 1793 1837 honestissi-

268 1906 405 1959 nrarum
421 1880 639 1983 indagationi
662 1880 834 1970 dicatam,
859 1889 895 1956 ct
917 1880 967 1955 ita
987 1882 1208 1981 conspicuam
1233 1879 1350 1956 studio
1371 1888 1477 1980 atque
1495 1882 1796 1958 commendatione

267 2026 407 2092 mum,
438 2002 475 2077 in
504 2001 637 2102 quibus
659 2001 783 2077 aetatis
806 2010 943 2077 nostae
970 2001 1065 2079 salus
1089 2000 1175 2076 verti
1197 2000 1354 2088 videtur,
1387 2008 1427 2074 nt
1448 2024 1489 2074 ea
1510 2000 1581 2077 iam
1607 2000 1792 2079 defunctus

266 2120 436 2196 bonorum
474 2119 632 2196 omnium
670 2120 784 2220 gratie
817 2120 957 2195 floreret
982 2128 1018 2195 et
1046 2119 1153 2196 fuisse
1178 2119 1396 2219 praedicetur
1415 2121 1534 2194 melier
1558 2142 1722 2196 sarrano
1745 2123 1791 2215 ²).

267 2240 309 2315 ln
342 2240 407 2315 hoc
440 2232 660 2340 exemplum*
675 2239 879 2315 intueantur
912 2239 1018 2315 etiam
1054 2240 1270 2339 superiorum
1309 2239 1483 2315 Ordinem
1519 2240 1629 2330 aives,
1661 2240 1791 2342 quibua
1909 2276 1915 2292 ·

267 2360 356 2436 ritae
388 2358 535 2435 felicitas
569 2356 665 2434 cordi
693 2366 755 2434 ast.
807 2360 999 2435 Sirenum
1024 2367 1095 2448 est,
1122 2359 1217 2459 qued
1242 2380 1355 2459 nuper
1378 2358 1469 2437 Clas.
1493 2383 1722 2439 unornanrus
1747 2364 1792 2439 de

267 2479 454 2556 Nobilibus
475 2478 616 2578 Belgis,
650 2477 725 2579 ipse
748 2477 862 2579 Belgii
879 2478 982 2566 ciris,
1003 2476 1206 2565 adiuuerit,
1226 2476 1395 2575 plurimos
1412 2502 1530 2553 aarum
1544 2502 1619 2554 asse
1633 2480 1791 2556 homines

270 2598 389 2689 nihili,
414 2598 613 2675 habitantes
635 2597 672 2671 in
696 2596 943 2673 conventiculis
966 2609 1002 2673 et
1019 2598 1056 2671 in
1082 2595 1229 2671 stabulis
1252 2597 1326 2671 suis
1345 2597 1400 2689 ⁸),
1424 2619 1541 2673 vereor
1561 2622 1607 2674 ne
1627 2622 1792 2701 magnam

267 2718 453 2820 voluptatis
480 2729 615 2821 partem
641 2716 687 2793 iis
715 2716 848 2793 adimat
874 2716 1110 2819 spectaculum
1135 2717 1375 2817 popularium,
1400 2717 1510 2793 labori
1535 2744 1598 2794 sue
1619 2720 1793 2797 indefesso

267 2844 344 2913 turn
374 2864 482 2938 equos
516 2847 675 2940 acceptos
707 2838 930 2915 referentium
962 2849 998 2914 ct
1030 2839 1127 2913 villas
1152 2824 1200 2913 et
1219 2835 1429 2938 exquisitam
1458 2833 1648 2936 praetiosae
1679 2820 1803 2939 sapei-⁵

273 2958 397 3035 lsctilir
415 2959 609 3036 redemtam
633 2969 710 3035 tum
731 2959 989 3035 ornatissimum
1008 2960 1128 3048 illum,
1150 2982 1255 3058 quem
1276 2956 1313 3033 in
1334 2956 1472 3033 civitate
1493 2960 1669 3034 consecuti
1688 2968 1792 3053 suut,

267 3078 482 3156 auctoritatis
517 3090 624 3182 atque
657 3076 923 3156 existimationis
952 3079 1086 3170 locum,
1122 3103 1186 3156 nec
1212 3078 1336 3155 dubita
1361 3078 1446 3178 quin
1470 3078 1521 3153 illi
1543 3080 1693 3156 Russiae
1717 3082 1793 3157 No·
1882 3076 1885 3081 ’

266 3199 374 3290 biles,
410 3200 473 3300 qui
505 3201 543 3276 in
576 3223 756 3278 nanniano
780 3209 817 3276 et
840 3200 878 3276 in
903 3221 1067 3276 sansana
1091 3223 1224 3274 nmmo
1248 3223 1388 3298 operam
1415 3200 1613 3301 posuerint,
1638 3202 1792 3303 ipsorum

160 3327 163 3332 ’
267 3322 428 3422 ignorent
449 3321 598 3422 pueriles
622 3333 660 3398 et
683 3345 825 3423 prorsus
843 3321 986 3396 inutiles
1011 3320 1118 3396 animi
1142 3320 1327 3397 cruciatus.

315 3441 387 3516 Sed
419 3440 545 3517 horum
567 3442 727 3518 docilitas
749 3449 925 3542 praeterea
949 3438 1145 3540 exoptanda
1170 3447 1224 3514 est
1246 3447 1388 3540 propter
1407 3439 1594 3516 civitatem.
1646 3438 1726 3517 Hoc
1752 3451 1793 3517 nt

267 3569 446 3661 appareat,
481 3585 638 3640 memoro
674 3563 745 3638 vim
781 3562 952 3662 exempli,
987 3586 1078 3661 quae
1109 3559 1251 3660 quidem
1289 3581 1331 3634 eo
1366 3560 1404 3632 in
1439 3567 1624 3660 utramque
1657 3556 1793 3661 partem

266 3680 434 3758 efficacior
458 3691 533 3773 est,
566 3707 638 3784 qno
669 3682 716 3758 ab
746 3682 932 3758 illustriore
954 3683 1028 3757 loco
1053 3679 1090 3755 id
1117 3681 1234 3780 ipsum
1259 3678 1386 3755 editur.
1437 3677 1547 3770 Sunt,
1574 3680 1704 3782 quibus
1728 3682 1802 3756 hao'

268 3799 314 3875 da
339 3821 377 3874 re
410 3798 505 3875 band
536 3823 742 3901 persuasum
775 3823 850 3876 esse
879 3799 1038 3875 videatur
1068 3799 1216 3898 ideoque
1240 3799 1431 3874 commodis
1460 3800 1608 3900 publicis
1633 3803 1794 3876 satisfieri

267 3919 399 4020 placeat
428 3919 630 3998 inferiorum
664 3921 839 3998 Ordinnm
869 3913 1003 3996 ci'vibus
1040 3919 1263 3998 sublevandis
1290 3929 1326 3994 at
1351 3921 1557 3998 excolendis
1607 3923 1684 4020 Ego
1709 3945 1791 4022 prn-

268 4039 410 4115 dantem
431 4039 557 4117 horum
580 4065 698 4119 curam
718 4051 899 4142 tantopere
911 4039 1040 4142 probo,
1062 4049 1275 4141 quantopere
1289 4065 1399 4139 nego,
1415 4041 1636 4140 optimatium
1654 4063 1790 4115 eorum·

308 4281 332 4364 ¹)
360 4281 409 4344 Dr
429 4300 594 4360 sennem,
615 4289 729 4348 neura
748 4307 798 4350 aar
818 4291 848 4350 la
868 4289 988 4363 m,
1011 4292 1101 4350 lttl.
1141 4290 1187 4348 La
1203 4287 1307 4348 Ruris
1322 4305 1388 4349 ross
1405 4285 1564 4365 temperem
1574 4281 1804 4363 Alaaardnll,

266 4384 296 4444 in
317 4387 409 4444 &rra
426 4386 474 4447 das
491 4387 561 4448 dass
581 4390 705 4464 mades,
727 4394 764 4453 15
784 4392 870 4455 Janr.
891 4395 986 4465 leet,
1007 4411 1035 4474 p.
1058 4391 1126 4454 tt‘l.

306 4485 335 4563 ²)
366 4488 568 4559 dissertis
596 4492 700 4554 Prisca
731 4497 865 4567 mmm,
897 4493 936 4574 by
962 4511 1094 4556 mirano
1120 4504 1276 4554 wsnrcan.
1317 4493 1428 4554 Μαίη
1456 4491 1583 4565 ΒΜ,
1611 4491 1675 4554 lan.
1695 4495 1788 4568 lese,

266 4607 293 4668 p
315 4593 385 4651 ses.

307 4689 334 4764 ⁸)
364 4691 564 4776 L.1.,p41.
588 4728 628 4742 -
650 4697 757 4759 eNons
775 4698 824 4778 qui
843 4693 964 4760 sommas
984 4699 1159 4762 accontumds
1178 4699 1197 4760 is
1215 4699 1245 4760 la
1266 4696 1401 4778 complete
1422 4697 1521 4758 nullita
1539 4700 1569 4757 et
1587 4695 1606 4756 d
1624 4698 1652 4756 la
1673 4717 1789 4776 margus

268 4791 461 4874 impertinente
487 4795 522 4857 de
549 4803 630 4860 notra
656 4799 784 4862 noblessa
808 4800 845 4862 de
870 4801 933 4864 clnb
961 4807 990 4864 et
1017 4802 1154 4874 d'dourie,
1184 4833 1226 4847 —
1252 4820 1322 4862 noua
1348 4820 1384 4860 aa
1411 4819 1482 4864 noos
1502 4800 1626 4877 figurent
1646 4797 1731 4877 8⁰3¹*
1750 4821 1788 4862 ¹¹¹¹

269 4896 375 4974 prinoe,
396 4897 510 4962 bamma
529 4899 661 4984 despit,
683 4903 731 4983 qai
751 4923 768 4964 a
786 4904 816 4964 lu
834 4920 960 4967 aasrrar
981 4912 1010 4966 at
1029 4922 1105 4966 rona
1126 4921 1240 4967 sruanr
1261 4903 1369 4973 ΜΓ
1390 4909 1444 4963 ata.
1478 4925 1485 4941 ·
