4967 6175
1813 392 1843 441 δ

920 666 1199 737 ORATIO.
1786 667 1828 733 19

298 880 509 957 Iudaeorum
533 873 732 977 exemplum
754 873 931 964 imitatus,
957 900 1058 951 suam
1081 899 1163 975 erga
1185 876 1372 975 Apostolos
1394 890 1432 953 et
1456 875 1702 978 lluangelistaa
1727 900 1823 951 rave·

297 1000 445 1077 rentiam
473 1020 585 1097 quum
617 994 881 1095 theopneustiae
916 994 1079 1094 dogmate
1112 996 1359 1093 expressisset,
1396 1020 1611 1097 consequens
1646 1008 1740 1083 erat,
1785 1005 1826 1071 ιιι

297 1119 414 1195 divina
445 1140 587 1218 prorsus
612 1123 648 1191 et
668 1115 828 1191 absoluta
851 1114 948 1190 libris
972 1116 1018 1191 N.
1043 1114 1207 1190 Focderis
1227 1115 1438 1192 tribueretur
1463 1118 1661 1193 auctoritas.
1698 1118 1823 1193 Eidem

298 1238 455 1337 dogmati
482 1236 713 1314 adhaeserunt
742 1234 1014 1311 Protastantium
1045 1234 1215 1323 familiae,
1249 1259 1361 1333 coque
1388 1236 1586 1327 lubentius,
1616 1260 1688 1336 quc
1711 1238 1823 1334 magis

296 1359 334 1435 id
366 1367 489 1460 aptum
522 1356 705 1433 videbatur
735 1356 780 1431 ad
804 1355 1037 1457 profligandos
1059 1356 1221 1465 ecclesioq
1246 1357 1426 1433 Romanae
1450 1379 1590 1431 errores.
1641 1357 1823 1433 Quamdiu

296 1502 377 1555 vero
413 1476 543 1578 viguit,
576 1486 654 1551 tum
688 1476 780 1577 inter
810 1475 1026 1564 Catholicae,
1062 1483 1138 1549 tum
1173 1475 1265 1551 inter
1289 1477 1542 1564 Protestantes,
1576 1475 1683 1549 huius
1707 1476 1823 1573 placiti

298 1598 471 1676 severitati
501 1620 576 1671 sese
598 1595 860 1685 subducebant,
891 1594 1067 1695 retugium
1086 1604 1292 1693 quaerentes
1310 1596 1348 1670 in
1370 1595 1551 1671 arbitraria
1572 1595 1823 1694 interpretandi

296 1718 483 1808 methodo,
516 1742 607 1817 quae
641 1716 799 1815 quamvis
827 1715 1057 1815 improbanda
1089 1715 1154 1789 hoo
1185 1714 1320 1805 effecit,
1354 1724 1396 1792 ut
1421 1716 1620 1791 Christiana
1647 1716 1825 1813 cogitandi

297 1839 438 1916 libertas
461 1859 534 1911 non
555 1858 695 1935 prorsus
719 1834 867 1933 perierit.
917 1834 1035 1909 Hodie
1057 1858 1154 1923 vero,
1179 1845 1258 1934 post
1281 1843 1334 1911 tot
1356 1844 1392 1912 et
1414 1844 1512 1912 tanta
1536 1836 1824 1911 Hermanentices

296 1958 527 2045 incrementa,
551 1954 725 2053 refugium
752 1953 848 2028 istud
873 1978 943 2029 non
971 1954 1121 2053 amplius
1148 1962 1265 2053 patet,
1290 1979 1405 2055 noque
1427 1956 1523 2031 aliud
1542 1955 1644 2030 nobis
1662 1956 1822 2029 relictum

296 2085 369 2167 est,
393 2076 462 2151 nisi
486 2084 528 2149 ut
552 2074 731 2173 antiquam
756 2072 929 2173 dogmatis
954 2073 1099 2149 formam
1123 2073 1265 2149 missam
1289 2075 1467 2153 iaciamus.
1517 2075 1616 2151 Haec
1640 2076 1754 2161 enim,
1785 2090 1825 2147 ut

296 2196 402 2277 ambo
435 2196 570 2285 dicem,
604 2193 650 2269 ab
678 2193 722 2267 iis
753 2202 891 2269 tantum
921 2194 1027 2295 recipi
1055 2201 1191 2294 poterat
1221 2204 1285 2269 aut
1311 2195 1472 2285 retineri,
1506 2196 1568 2295 qni
1591 2197 1629 2269 in
1657 2195 1823 2292 interpre-

296 2319 405 2395 tando
438 2340 543 2391 suum
576 2314 812 2413 sequebantur
836 2314 1053 2389 arbitratum.
1088 2314 1166 2389 Nec
1188 2320 1306 2390 tamen
1331 2324 1511 2415 propterea
1534 2316 1639 2391 nobis
1660 2315 1759 2390 deest
1782 2340 1824 2388 ea

297 2450 379 2539 arga
407 2436 514 2513 libros
552 2458 666 2511 sacros
700 2434 910 2523 reverentia,
944 2458 1050 2533 quam
1081 2429 1225 2510 Veteres
1262 2434 1399 2510 divinae
1432 2435 1667 2535 inspirationis
1698 2436 1824 2532 placito

295 2562 548 2657 expresserunt.
586 2557 689 2634 Quae
712 2555 743 2629 si
769 2554 1043 2643 desideraretur,
1067 2554 1260 2653 periculum
1284 2555 1426 2631 omnino
1451 2563 1560 2643 esset,
1585 2579 1630 2629 ne
1650 2579 1720 2630 nna
1741 2579 1823 2627 cum

296 2679 460 2778 dogmate
482 2677 559 2776 ipsa
579 2674 699 2774 religio
720 2673 889 2751 damnum
907 2674 1045 2751 laceret.
1096 2674 1170 2753 Qui
1192 2698 1275 2750 ruso
1296 2675 1485 2775 discipulos
1506 2675 1552 2750 da
1571 2675 1738 2774 magistro
1759 2700 1826 2748 suo

297 2804 465 2872 testantes
494 2794 686 2870 contemnit
721 2794 775 2869 rel
808 2802 1031 2891 aspernatur,
1063 2793 1163 2867 isde
1184 2795 1361 2893 religionis
1387 2795 1605 2869 Christianae
1628 2794 1826 2867 substantia

296 2916 430 3015 aliquid
463 2912 623 2989 detrahit.
681 2912 733 2987 Αι
764 2912 940 2986 neminem
967 2912 1035 2986 vidi
1061 2912 1110 2987 ita
1132 2912 1176 2987 de
1197 2912 1240 2987 iis
1262 2912 1478 2987 sentientem.
1529 2913 1704 3011 Equidem
1731 2917 1825 3009 Apo-

295 3036 401 3113 stolos
425 3058 489 3110 sua
518 3054 693 3133 quemque
715 3031 847 3106 mtione
869 3030 1070 3130 religionem
1091 3030 1137 3106 ab
1161 3054 1246 3107 rnen
1266 3032 1430 3108 traditam
1456 3030 1595 3130 egregie
1615 3032 1827 3129 explicantes

296 3161 332 3230 et
352 3161 492 3228 tuentes
514 3151 624 3252 pluris
648 3151 759 3226 lacere
780 3151 874 3225 soleo
896 3174 1001 3249 quam
1022 3173 1124 3226 coeca
1149 3150 1303 3250 Spiritus
1327 3151 1436 3225 divini
1455 3151 1697 3225 instrumenta.
1733 3141 1847 3225 'l'an⁸¹

293 3283 373 3350 tum
400 3273 509 3372 igitur
528 3272 646 3360 abest,
671 3280 712 3346 ut
733 3295 776 3346 ex
797 3271 979 3371 repudiato
1002 3269 1264 3369 theopneustise
1283 3270 1410 3369 placito
1431 3270 1650 3346 Christianos
1669 3271 1827 3368 religioni

297 3393 490 3494 periculum
510 3391 712 3479 immineat,
737 3398 778 3464 ut
797 3390 878 3465 hnic
901 3391 1025 3465 melius
1048 3391 1250 3480 consulant,
1275 3391 1338 3490 qui
1357 3391 1434 3466 Deo
1455 3415 1518 3490 par
1535 3391 1692 3465 homines
1711 3391 1827 3464 locuto

297 3513 512 3589 substituant
542 3511 701 3586 homines
729 3511 766 3586 in
798 3511 990 3586 arctissima
1024 3511 1112 3586 ritae
1140 3536 1221 3586 cum
1246 3512 1323 3586 Deo
1345 3511 1590 3587 communione
1616 3534 1735 3586 rocem
1761 3511 1826 3584 hu·

296 3656 434 3712 menam
460 3632 681 3733 proferentes.
727 3632 901 3730 Dogmata
926 3631 1063 3707 sublato
1087 3632 1208 3736 religio
1232 3638 1391 3730 superest
1414 3631 1607 3707 incolumis.

279 3876 287 3894 '
345 3872 554 3948 Ceneedunt
577 3871 664 3946 illud
693 3871 787 3947 haud
810 3872 912 3970 pauci
940 3879 1077 3947 nostrae
1099 3871 1223 3947 aetatis
1246 3869 1418 3969 theologi,
1443 3871 1507 3969 qui
1530 3869 1729 3969 ceteroquin
1751 3869 1826 3942 the·

295 3994 428 4094 elegiae
462 3992 661 4081 recentiori,
698 3993 785 4069 κατ’
817 3993 958 4089 ι’ξοχὴν
992 3992 1041 4067 sic
1071 3990 1201 4080 dictae,
1240 4013 1316 4065 sese
1346 4000 1538 4089 opponunt.
1594 3985 1827 4064 Gravissimae

299 4113 391 4186 euim
420 4111 615 4201 molestiae,
648 4136 736 4211 quas
759 4113 924 4188 adversus
948 4112 1249 4211 theopneustiam,
1274 4110 1411 4211 proprie
1434 4111 1484 4185 sic
1505 4110 1654 4196 ὥοιιιιιι,
1679 4111 1826 4182 severior

296 4231 545 4331 interpretandi
565 4231 750 4308 methodus
774 4231 951 4320 excitavit,
977 4233 1096 4306 multis
1116 4230 1278 4305 videntur
1296 4228 1557 4328 insuperabiles.
1608 4227 1728 4301 Unum
1751 4229 1824 4301 lan·

298 4351 400 4427 desse
422 4351 568 4426 sufficiat
592 4374 854 4441 rnonocxrou,
879 4351 941 4451 qui
964 4374 1070 4449 quam
1097 4349 1203 4426 libere
1229 4349 1274 4424 de
1297 4351 1491 4425 Litersrum
1514 4349 1695 4424 Sacrorum
1716 4350 1823 4446 inspi-

296 4472 429 4547 retione
459 4479 496 4546 et
526 4471 570 4545 de
601 4472 837 4547 Israeliterum
870 4471 1030 4559 historie,
1062 4471 1100 4545 in
1133 4469 1177 4546 V.
1210 4470 1374 4545 Focderis
1402 4469 1500 4545 libris
1525 4470 1672 4556 hadita,
1698 4473 1825 4544 sentiat

295 4589 375 4689 plus
404 4589 512 4665 semel
543 4589 713 4691 apparuit.
771 4590 842 4666 Sed
873 4613 915 4665 eo
946 4589 1058 4666 acrius
1087 4588 1193 4664 iidem
1228 4589 1380 4690 theologi
1410 4589 1564 4664 divinam
1586 4589 1762 4688 religionis
1786 4602 1822 4662 et

297 4709 504 4786 Israeliticae
527 4717 564 4784 et
591 4709 809 4785 Christianae
833 4710 1001 4808 originem
1026 4719 1268 4810 propugnant,
1293 4734 1364 4808 qua
1385 4710 1421 4784 in
1444 4708 1594 4784 dubium
1617 4723 1735 4784 vocata
1760 4721 1823 4782 aut

298 4839 425 4929 negata
454 4829 532 4929 ipsa
560 4828 679 4928 religio
704 4837 794 4904 stare
816 4837 976 4927 nequest
1026 4829 1191 4929 Singula,
1215 4829 1401 4927 inquiunt,
1424 4829 1507 4904 fidei
1530 4827 1744 4904 Christianae
1765 4853 1826 4902 ca·

1604 4945 1656 5022 gr
