4967 6175
674 608 718 677 86
1225 608 1251 674 l.
1289 608 1327 675 A.
1360 608 1395 675 G.
1430 605 1650 678 novans

672 817 811 895 mirum.
873 815 965 897 Quis
1002 813 1095 891 enim
1133 814 1300 893 eontinuo
1333 814 1626 893 neoessitudinem
1657 814 1833 915 perspexit
1870 814 1961 893 inter
1993 815 2099 893 nnius
2140 818 2205 897 riri

671 938 896 1017 ambitionem
931 946 1038 1035 atque
1070 934 1253 1013 sudorum
1288 944 1326 1011 et
1363 934 1577 1013 volontatem
1614 934 1923 1034 eontentionesque
1958 937 2204 1037 popularium?

671 1059 865 1156 Utramque
901 1064 1019 1131 autem
1052 1080 1163 1155 quum
1192 1054 1386 1155 intelligere
1417 1056 1633 1156 eoeperimm
1658 1080 1696 1131 se
1720 1046 1868 1133 invieem
1896 1055 2019 1132 luloire
2044 1068 2082 1133 et
2103 1058 2204 1137 alteri

670 1177 786 1255 edbue
817 1174 1010 1251 maximum
1040 1198 1115 1253 esse
1149 1175 1185 1251 in
1216 1176 1325 1253 alters
1353 1176 1587 1278 praesidium,
1619 1176 1779 1253 omnium
1804 1176 1927 1277 utique
1957 1178 2201 1276 quaestionum

669 1300 773 1398 longe
802 1296 1007 1397 gravissima
1042 1294 1128 1373 haee
1153 1302 1227 1385 est,
1251 1321 1323 1397 quo
1348 1296 1456 1373 duoat
1482 1320 1594 1371 novus
1615 1296 1696 1385 ille,
1720 1319 1826 1397 quem
1850 1303 1993 1386 sonent,
2021 1298 2202 1397 Bonopee·

669 1421 797 1495 temo.
848 1416 1004 1505 Quodsi,
1037 1424 1100 1493 eut
1128 1416 1265 1493 volente
1285 1426 1349 1493 sut
1373 1441 1444 1491 non
1470 1417 1610 1491 nolente
1632 1417 1868 1515 Imperatore,
1893 1417 2087 1495 neeessario
2109 1418 2202 1494 abri-

669 1563 752 1639 pere
788 1538 925 1615 ridetur
956 1537 1002 1613 sd
1038 1536 1238 1636 pestiferam
1275 1536 1380 1614 istam
1420 1536 1592 1613 bonorum
1628 1545 1849 1613 externorum
1886 1536 2107 1638 cupidinem,
2144 1538 2203 1617 oui

668 1668 804 1759 prester
832 1656 972 1733 dividas
1001 1664 1037 1731 et
1065 1656 1309 1733 austeritatem
1338 1656 1426 1733 nihil
1454 1656 1566 1732 estin
1593 1655 2202 1761 sotis,opersop1oleetopretium

667 1788 723 1855 est
757 1778 875 1855 omnis
905 1776 1071 1877 experiri,
1108 1786 1149 1852 ut
1182 1778 1349 1853 adversus
1382 1777 1601 1853 clandestine
1634 1777 1778 1853 eonnlis
1811 1784 1849 1851 et
1882 1776 2055 1855 somnum
2085 1778 2202 1871 illam,

667 1924 758 1999 qnae
794 1898 951 1973 oiumtes
982 1896 1093 1972 serius
1126 1897 1223 1973 ooius
1260 1898 1489 1997 pessumdet,
1528 1898 1641 1998 plnra'
1667 1906 1912 1997 oompsrentur
1938 1921 2047 1997 qnam
2079 1896 2202 1977 belliue

667 2018 834 2094 subsidio.
884 2018 950 2091 Est
972 2042 1054 2093 sane
1075 2018 1170 2117 quod
1190 2018 1276 2092 neoti
1297 2018 1414 2092 onltus
1434 2016 1539 2103 hodie
1557 2017 1668 2117 pluris
1694 2018 1757 2093 liat
1780 2042 1889 2117 quam
1908 2026 2012 2093 antes
2032 2041 2201 2115 umquam

665 2137 742 2213 lieri
775 2136 973 2225 oonsuevit;
1010 2136 1067 2213 bio
1098 2162 1178 2213 vero
1208 2137 1271 2213 ubi
1305 2138 1376 2211 vim
1405 2162 1505 2217 suam
1531 2147 1569 2213 et
1590 2137 1845 2213 amabilitatem
1870 2136 2100 2236 splendidiore
2126 2136 2201 2213 loeo

665 2257 968 2357 contemplandam
1002 2258 1204 2357 praebebit,
1240 2282 1347 2357 quam
1379 2256 1418 2333 in
1450 2257 1601 2334 oiritetm
1637 2258 1788 2333 Reotore
1815 2256 1951 2333 artibus
1975 2258 2049 2334 suis
2072 2256 2201 2348 inlsoto

665 2385 701 2453 et
720 2386 901 2477 tamquam
927 2378 1106 2454 eoloratol’

713 2616 821 2716 Spero
851 2616 925 2691 lore
951 2626 992 2691 nt
1022 2624 1173 2692 oetatem
1198 2624 1354 2692 nostrum
1381 2616 1457 2691 iure
1487 2616 1732 2693 illustrissimis
1759 2616 1842 2693 viris
1875 2616 2065 2719 sapientise
2089 2615 2200 2716 magi·

664 2742 772 2846 stram
793 2736 985 2836 appellasse
1011 2736 1139 2811 videor.
1194 2735 1346 2812 Dicendi
1371 2746 1491 2813 entem
1514 2737 1622 2814 finem
1647 2764 1719 2815 non
1740 2748 1822 2814 ante
1835 2738 1948 2814 faeere
1969 2737 2072 2828 lieet,
2095 2758 2200 2836 qnsm

663 2855 826 2931 disertius
860 2856 1150 2956 signifiosverim,
1184 2880 1249 2931 eur
1273 2858 1334 2931 hoo
1358 2857 1581 2956 potissimum
1605 2857 1734 2933 doeilos
1756 2856 1859 2933 selim
1881 2855 1929 2931 ed
1950 2856 2104 2959 optimae
2127 2878 2199 2930 ma·

663 2976 791 3074 gistrae
818 2976 1051 3076 disciplinam.
1106 2976 1224 3052 (leues
1248 2976 1379 3074 duplex
1401 2984 1466 3051 est
1517 2975 1640 3053 Altera
1662 2976 1757 3075 ipsos
1777 2981 1931 3075 spectat,
1955 2974 2002 3049 ad
2024 2975 2200 3051 divitatem

662 3093 974 3303 rtfgrffldilffi,
997 3212 1173 3313 protessus
1198 3217 1340 3300 tamen,
1373 3233 1431 3284 me
1457 3209 1504 3288 ab
1530 3209 1748 3309 argumentis
1773 3209 1948 3286 abstinere
1968 3236 2012 3286 en
2034 3211 2200 3288 resentis-

488 3349 498 3366 *
663 3335 752 3412 sima
777 3332 899 3409 Italiae
921 3332 1064 3408 historia
1086 3357 1109 3408 a
1133 3330 1345 3408 nonnemine
1366 3329 1497 3431 petitis.
1531 3329 1672 3407 Horum
1698 3339 1916 3406 momontum
1941 3331 2198 3431 perspieseiori·

663 3453 732 3529 bus
758 3453 1022 3529 diiudicandum
1047 3453 1268 3552 relinquens,
1292 3452 1339 3528 sd
1360 3452 1449 3528 illud
1473 3450 1592 3552 potius
1613 3463 1770 3528 mentem
1793 3450 1961 3540 intendo,
1985 3475 2093 3551 qnam
2122 3476 2196 3530 me·

663 3573 751 3649 leste
787 3597 863 3648 esse
898 3573 1057 3647 videatur
1097 3572 1288 3649 clarissima
1318 3572 1408 3648 vitae
1441 3572 1567 3660 statio,
1602 3571 1633 3646 si
1665 3571 1852 3647 oodooatus
1875 3569 1914 3646 in
1940 3595 1984 3648 ea
2008 3571 2198 3650 sexcenties

664 3692 853 3768 mammam
877 3691 1122 3766 animadvertit
1147 3715 1231 3766 suae
1253 3697 1290 3764 et
1311 3689 1441 3765 nivium
1464 3689 1651 3767 voluntatis
1673 3687 1944 3765 dbsendomml
1983 3689 2097 3768 Vetus
2108 3691 2198 3768 illud

665 3815 801 3888 ederim
830 3813 907 3887 deos
937 3819 1090 3888 metuunt
1111 3836 1237 3913 pmum
1264 3810 1377 3886 solatii
1401 3809 1511 3886 affert.
1562 3811 1656 3886 Nam
1678 3819 1795 3886 metus
1817 3809 1856 3885 in
1880 3819 2078 3911 temporum
2103 3833 2196 3888 eom·

665 3933 859 4008 mutatione
890 3932 1081 4007 identidem
1113 3932 1295 4009 minuitur.
1344 3931 1478 4007 Audivi
1504 3929 1668 4032 quidem,
1694 3931 1805 4008 sariss
1829 3953 1906 4007 esse
1931 3931 2094 4022 delicias,
2118 3931 2195 4031 qni·

666 4053 734 4130 bus
754 4053 933 4129 molestiae
953 4077 1076 4129 sensus
1093 4053 1263 4154 pelletur,
1290 4079 1350 4130 ees
1371 4052 1498 4141 edam,
1522 4075 1673 4152 quarum
1695 4051 1792 4128 nulls
1809 4075 1978 4152 umquam
1997 4051 2044 4127 ad
2064 4059 2196 4128 eeteros

668 4173 831 4248 murtslea
857 4174 1051 4272 pervenerit
1075 4174 1217 4262 notitia3
1245 4175 1306 4249 sed
1328 4173 1422 4249 redit
1441 4173 1503 4248 ille
1532 4197 1676 4263 senem,
1699 4174 1848 4251 redeunt
1868 4198 1993 4262 surae,
2018 4183 2194 4274 tempora,

669 4315 760 4390 quse
792 4291 961 4379 vivimus,
992 4293 1168 4390 postulare
1199 4301 1235 4368 et
1270 4293 1428 4392 flagitare
1456 4318 1528 4370 non
1555 4292 1741 4382 desinunt,
1764 4293 1889 4392 pedem
1916 4291 2043 4370 reterre
2064 4299 2197 4393 dogunt

669 4418 706 4489 et
735 4409 772 4484 in
802 4433 861 4485 eas
891 4411 1104 4510 eompellunt
1135 4413 1336 4511 angustias,
1367 4413 1407 4488 in
1435 4413 1566 4513 quibus
1580 4435 1807 4490 mensnnne
1828 4413 1899 4490 hue
1924 4437 2019 4489 nuno
2044 4411 2196 4488 flectitur

668 4532 762 4610 illno.
814 4531 953 4606 Interes
983 4555 1083 4632 spes,
1118 4531 1220 4608 euius
1253 4533 1356 4633 inops
1391 4533 1463 4609 vita
1490 4534 1587 4610 band
1614 4534 1728 4611 vitalis
1749 4542 1822 4625 est,
1846 4557 1893 4610 ne
1918 4532 2093 4610 levissima
2118 4531 2195 4632 qm'·

668 4653 751 4730 dem
783 4652 857 4728 lore
892 4650 1026 4727 melius.
1077 4653 1131 4728 lis
1163 4652 1258 4727 enim
1290 4653 1386 4728 unde
1421 4653 1630 4755 affulgeret?
1674 4659 1710 4733 A
1741 4655 1896 4732 Russial
1946 4653 2085 4730 Soiliost
2116 4660 2197 4754 post

669 4781 816 4850 mortem
834 4795 1005 4862 mooun,
1030 4773 1131 4850 ouius
1151 4798 1328 4852 suoeessor
1343 4783 1500 4852 veterum
1514 4775 1756 4854 institutorum
1772 4775 1956 4853 debilitati
1967 4798 2039 4851 non
2053 4773 2196 4851 omnino

2450 1473 2458 1906 l
