4967 6175
680 595 743 660 128
1227 593 1253 661 l.
1288 593 1326 660 A.
1360 593 1395 663 C.
1428 591 1648 662 novans

678 825 721 876 ex
754 823 796 874 eo
824 822 949 898 genere
980 797 1217 888 eruditorum,
1250 798 1313 898 qui
1344 799 1420 900 pari
1453 799 1570 875 studio
1598 796 1777 874 Minervae
1807 802 1844 872 et
1865 795 2045 872 Themidis
2065 796 2203 872 cultum

677 916 893 1008 consociant,
929 919 1015 1019 qnid
1049 919 1182 1018 gratius
1214 919 1424 996 Academiae
1459 930 1596 996 nostrae
1628 942 1705 994 esse
1736 916 1871 1016 potuit,
1906 940 2014 1017 quam
2044 924 2085 990 ut
2116 915 2203 1002 tihi,

677 1061 781 1136 quem
817 1047 897 1114 aute
929 1037 1073 1137 triginta
1105 1037 1257 1137 amplius
1284 1063 1393 1115 annos
1414 1037 1479 1115 hoo
1501 1038 1634 1138 ipsoiu
1657 1038 1732 1114 loeo
1757 1036 1911 1136 legitime
1934 1037 2027 1112 Iuris
2047 1035 2203 1112 Romani

677 1165 713 1230 et
735 1153 906 1231 Hodierni
929 1154 1114 1230 Ductorem
1136 1155 1371 1246 renunciavit,
1393 1181 1490 1234 nnnc
1512 1156 1697 1232 honorifice
1717 1155 1912 1232 Literarum
1933 1157 2097 1234 Doctoris
2117 1157 2201 1230 titu-

678 1275 751 1350 lum
776 1273 938 1350 offerret?

726 1393 856 1494 Accipe
881 1394 1046 1470 benevolo
1067 1390 1184 1480 animo
1209 1393 1275 1469 hoc
1300 1393 1439 1469 honoris
1460 1393 1727 1482 documentum,
1752 1392 1848 1492 quod
1870 1392 1940 1468 iam
1964 1373 2102 1466 dudum
2121 1400 2200 1467 tuae

680 1513 1003 1604 virtutidehitum,
1027 1509 1296 1610 nundiSenatus
1319 1513 1550 1588 Academiam
1574 1512 1640 1587 tibi
1664 1511 1829 1611 impertit.

729 1751 836 1832 Quod
866 1745 975 1851 igitur
1009 1752 1091 1828 felix
1122 1695 1350 1854 faustumque
1375 1777 1451 1828 esse
1472 1752 1591 1828 iubeat
1618 1751 1716 1826 Deus
1741 1749 1907 1850 Optimae
1931 1748 2121 1824 Maximus.
2168 1750 2199 1822 Ε

678 1879 871 1972 potestate,
903 1871 949 1948 ab
978 1871 1240 1971 Angustissimo
1274 1873 1372 1972 Rege
1400 1872 1502 1947 nohis
1530 1895 1709 1959 concesse,
1742 1895 1786 1944 ea
1813 1869 2017 1945 sustentate
2043 1866 2198 1942 Rectoris

678 1991 881 2091 Magnihci,
906 2000 941 2066 et
964 1991 1183 2093 Amplissimi
1207 1993 1357 2069 Senatus
1381 1991 1582 2068 Academici
1606 1990 1766 2077 decreto,

727 2111 804 2210 Ego
839 2133 953 2186 errrore
988 2133 1177 2201 sansacu,
1212 2111 1455 2212 Philosophiae
1483 2111 1689 2186 theoreticae
1718 2107 1890 2208 Magister
1915 2107 2111 2183 Litemrum
2138 2106 2199 2180 hu·

676 2231 872 2306 mauiorum
889 2230 1038 2320 Ductor,
1064 2232 1153 2306 etin
1173 2231 1237 2308 hac
1258 2231 1447 2306 Academia
1468 2229 1644 2306 Professor
1666 2227 1893 2318 Ordinarius,
1918 2228 1968 2302 'Pe
1982 2249 2197 2301 oaneoareu

570 2378 579 2395 ·
675 2373 769 2426 uuus
791 2373 948 2426 snaraur
975 2350 1044 2436 fil,
1070 2349 1313 2450 Philosophiae
1341 2349 1547 2424 theoreticae
1570 2347 1782 2447 Magistrum
1803 2345 1999 2420 Literarum
2018 2343 2197 2418 humanio-

675 2495 753 2546 rum
780 2470 966 2546 Doctorem
991 2469 1131 2545 honoris
1154 2495 1260 2546 causa
1282 2469 1380 2558 dieo,
1404 2468 1589 2556 mnunoio,
1613 2466 1797 2566 proclamo.

724 2592 781 2664 Do
815 2589 895 2664 Pibi
929 2589 1023 2670 etin
1045 2590 1095 2663 Te
1120 2590 1259 2664 confero
1279 2589 1398 2664 omnin
1420 2589 1496 2663 iura
1518 2597 1554 2662 et
1574 2585 1755 2686 privilegia
1778 2583 1957 2682 quaerite
1980 2593 2095 2658 create
2117 2582 2197 2656 Phi·

674 2708 848 2809 losophiae
872 2709 1080 2784 theoreticae
1106 2709 1278 2808 Magistro
1299 2707 1494 2783 Literarum
1517 2706 1761 2781 humaniorum
1784 2703 1927 2779 Doctori
1947 2702 2027 2802 lege
2049 2703 2102 2776 vel
2128 2725 2198 2776 mo·

650 2828 773 2902 „ribus
804 2828 912 2904 tribui
942 2829 1069 2905 solent.
1120 2827 1264 2916 Qualis,
1289 2826 1355 2902 rite
1375 2832 1513 2902 creatus
1538 2825 1781 2925 Philosophiae
1802 2821 2008 2914 theoreticae
2032 2822 2200 2922 Magister

674 2947 871 3023 Literarum
904 2946 1149 3022 humaniorum
1176 2948 1327 3035 Ductor,
1352 2957 1393 3022 ut
1415 2946 1461 3022 ab
1489 2944 1653 3021 omnibus
1677 2944 1893 3045 agnosceris,
1917 2968 1961 3018 ex
1984 2941 2109 3018 οιάοιιι
2132 2943 2200 3016 Re·

674 3066 729 3166 gis
751 3065 1004 3167 Angustissimi
1028 3071 1199 3167 potestate
1226 3065 1351 3155 iubw,
1377 3065 1518 3142 mando.

673 3374 679 3393 ,
724 3308 843 3386 Quam
873 3306 993 3385 vellem
1027 3306 1083 3383 hic
1113 3331 1255 3406 quoque
1277 3315 1496 3407 praesentem
1518 3306 1669 3384 solutam
1693 3304 1780 3381 mihi
1805 3306 1923 3383 liceret
1949 3305 2062 3381 sirum
2084 3304 2200 3381 erudi·

677 3426 851 3503 tissimum
886 3448 1124 3503 nemausen
1158 3449 1406 3503 uuuasouaan
1440 3452 1516 3503 vsu
1547 3452 1621 3503 naa
1654 3450 1775 3516 runa,
1807 3451 1878 3503 non
1907 3431 2021 3502 vetere
2058 3423 2200 3525 quidem

676 3544 931 3621 necessitudine
961 3553 998 3621 at
1021 3544 1189 3644 singulari
1215 3546 1342 3621 virtute
1369 3556 1406 3622 et
1429 3547 1585 3624 docmina
1611 3548 1693 3622 huic
1716 3547 1928 3623 Academiae
1952 3553 2075 3622 notum
2095 3552 2202 3643 atque

676 3690 807 3741 carum.
867 3665 911 3741 In
945 3664 1044 3740 illum
1082 3663 1151 3741 dici
1182 3676 1298 3764 potest
1333 3666 1429 3765 quod
1463 3668 1508 3743 de
1542 3690 1674 3743 enema
1707 3662 1772 3742 sud
1802 3666 1978 3767 praedicat
2007 3687 2200 3741 nonnose

662 3788 738 3897 ‘qua’
770 3810 879 3863 mmet
910 3786 1076 3861 emaum
1112 3786 1291 3861 mutorum
1326 3788 1414 3863 uidit
1448 3795 1486 3863 ct
1516 3789 1636 3862 ardea.-
1670 3786 1829 3886 qualium
1851 3794 1970 3862 eutem
1995 3784 2202 3860 hominum?

679 3906 834 4005 qualium
856 3904 1091 4007 populorum?
1115 3928 1186 3981 non
1212 3928 1353 3996 eorum,
1376 3904 1440 4007 qui
1465 3907 1556 3982 vitae
1578 3904 1676 3981 cultu
1699 3913 1736 3979 et
1761 3905 1975 3981 humanitate
1998 3912 2135 3979 exteros
2157 3904 2204 3979 ad

679 4049 716 4101 se
743 4026 916 4117 alliciunt,
942 4025 1005 4103 sed
1030 4024 1183 4127 talium,
1208 4026 1271 4127 qni
1293 4050 1430 4102 morum
1456 4024 1591 4101 feritate
1614 4034 1651 4099 et
1675 4024 1891 4101 immanitate
1917 4024 2068 4099 advenas
2093 4023 2203 4099 deter-

679 4153 757 4218 rent
786 4154 822 4219 et
852 4170 874 4220 a
909 4169 946 4221 se
978 4144 1171 4244 malunt,
1214 4144 1265 4221 Te
1286 4156 1416 4222 norunt
1437 4146 1552 4221 Indici
1574 4144 1704 4221 Oceani
1728 4170 1808 4220 orae
1834 4152 1870 4221 et
1892 4144 2026 4221 insulae
2050 4143 2202 4243 inhospi-

677 4262 786 4350 tales,
820 4286 908 4363 quas
943 4287 1025 4339 cum
1058 4264 1148 4339 vitae
1183 4264 1339 4362 periculo
1370 4266 1505 4355 adiisti,
1539 4290 1610 4340 non
1648 4275 1688 4340 ut
1717 4265 1810 4366 ebur
1831 4273 1868 4339 et
1894 4288 2040 4353 aarum,
2071 4288 2142 4339 non
2164 4272 2203 4339 ut

678 4380 801 4456 odores
831 4390 867 4455 et
899 4390 1052 4459 aromata
1088 4380 1172 4457 inde
1208 4392 1421 4480 asportares,
1458 4386 1520 4460 sed
1553 4395 1594 4460 ut
1627 4384 1826 4461 ultimarum
1860 4385 2041 4459 naturum
2067 4383 2203 4482 linguas

682 4500 871 4589 edisceres,
903 4500 1094 4601 explicares
1124 4506 1160 4575 et
1187 4503 1478 4579 necessitudinem
1509 4503 1712 4603 indagatas,
1744 4529 1835 4603 quae
1861 4503 1930 4579 illis
1944 4503 2016 4577 -vel
2047 4501 2139 4577 inter
2166 4525 2203 4575 se

683 4620 737 4694 vel
764 4644 844 4695 cum
876 4620 1001 4695 exteris
1031 4619 1161 4720 linguis
1184 4628 1256 4695 tam
1285 4622 1370 4699 vivis
1392 4649 1498 4724 quam
1521 4624 1668 4723 mortuis
1688 4622 1889 4699 intercedet.
1938 4622 2102 4697 Amnum
2126 4644 2202 4719 pro·

680 4739 771 4816 lecto
801 4766 889 4841 opus
920 4748 1026 4843 etque
1052 4738 1261 4841 gloriosum,
1297 4743 1351 4817 vel
1369 4744 1486 4844 potius
1507 4743 1619 4821 dicam
1645 4743 1881 4833 fructuosum,
1906 4741 2129 4841 quoscilicet
2150 4739 2203 4814 eia
