4967 6175
685 575 751 643 184
1191 567 1341 634 ORDO
1375 567 1706 635 nucrlouuu.

689 780 745 855 die
779 778 923 867 Martie,
956 776 1039 852 hora
1064 777 1099 866 l,
1133 776 1205 852 loca
1234 775 1401 852 nonnulla
1424 775 1702 851 Hermemeutices
1724 797 1867 860 eomas,
1892 771 2087 848 secundum
2115 769 2212 847 Gom·

680 899 843 998 pendium
874 921 979 972 auum
1006 897 1098 996 typis
1121 894 1277 985 editum,
1302 893 1463 970 tractabit
1485 902 1522 970 et
1542 893 1714 993 quaedam
1746 893 1906 966 Carmina
1931 891 2109 966 Hebraico
2133 916 2215 968 aum

690 1015 984 1094 commilitonibus
1010 1014 1303 1115 interpretabitur.

740 1147 986 1210 GUILIuLMUS
1006 1147 1221 1210 Meuaniae
1240 1135 1298 1210 die
1321 1136 1465 1223 Martis,
1490 1134 1577 1210 bora
1600 1134 1675 1223 IX,
1698 1128 1984 1230 interpretabitur
2016 1133 2128 1229 Capul
2148 1129 2217 1205 XV

691 1257 872 1354 Epistulae
902 1277 1014 1330 aanor
1041 1255 1092 1329 ad
1125 1255 1316 1329 Corinthiae
1335 1258 1490 1354 priorem·
1516 1253 1573 1328 die
1597 1252 1692 1329 Iovia
1713 1259 1749 1327 et
1773 1249 1940 1338 Veneria,
1965 1249 2088 1325 Mem
2113 1249 2215 1338 hora,

693 1375 920 1476 Emnpelium
952 1393 1130 1448 roaauura
1161 1396 1241 1446 cunr
1269 1372 1565 1449 commilitonibus
1588 1372 1701 1471 legere
1722 1377 1861 1472 perget;
1891 1369 1948 1444 dic
1970 1369 2109 1460 Lunae,
2133 1369 2218 1446 bore

693 1492 767 1581 XI,
791 1501 827 1567 et
849 1491 973 1566 diebus
995 1490 1090 1567 Iovis
1117 1499 1222 1590 atque
1248 1492 1410 1581 Veneris,
1439 1492 1523 1569 hora
1543 1493 1601 1582 X,
1629 1492 1843 1592 I'heolopiam
1865 1491 2064 1565 Praetieam
2086 1489 2218 1580 badct,

694 1611 886 1687 secundum
922 1613 1155 1710 Compeadium
1182 1633 1285 1686 auum
1318 1612 1412 1712 typis
1445 1612 1597 1700 editnm3
1634 1611 1691 1686 die
1721 1610 1885 1701 Veneria,
1916 1608 2001 1685 bora
2030 1607 2097 1698 IV,
2121 1635 2219 1686 eaer-

691 1736 871 1808 aitationes
895 1733 1143 1820 Homileticas,
1168 1739 1205 1806 ct
1231 1732 1288 1806 die
1312 1731 1473 1820 Saturni,
1499 1731 1583 1807 hora
1598 1730 1675 1819 XI,
1695 1733 1953 1806 commemores
1966 1728 2220 1829 provectiorum

701 1853 949 1942 Oateehetieas,
973 1876 1055 1926 cum
1082 1851 1199 1951 pueris
1222 1851 1471 1941 instituendas,
1497 1850 1747 1926 moderabitur.

742 1984 979 2044 aversanus
989 1982 1111 2043 rauna
1122 1983 1239 2044 ornan
1249 1982 1432 2044 noaerou
1453 1971 1577 2046 diebus
1599 1970 1726 2046 Martis
1752 1977 1787 2045 et
1805 1968 1990 2057 Mercurii,
2011 1969 2096 2044 hora
2109 1968 2220 2059 Vlll,

695 2097 776 2188 aget
798 2093 840 2164 de
860 2090 1023 2164 Historia
1046 2097 1082 2164 et
1102 2091 1145 2163 de
1176 2091 1304 2165 Oritiea
1325 2091 1486 2166 librorum
1512 2091 1649 2166 Veteris
1671 2091 1895 2178 Testamenti,
1921 2096 1958 2164 ct
1979 2086 2106 2164 diebus
2128 2089 2221 2164 Iovia

695 2215 731 2283 et
766 2207 930 2297 Veneria,
964 2207 1048 2282 hora
1079 2207 1191 2296 VIII,
1226 2211 1269 2284 de
1297 2211 1460 2284 Historia
1494 2217 1531 2285 et
1558 2213 1602 2285 de
1637 2212 1767 2286 Oritiea
1793 2211 1954 2285 librorum
1981 2209 2074 2283 Noai
2102 2210 2220 2284 Pesla·

698 2331 823 2412 menti·
858 2327 914 2401 die
944 2327 1104 2416 Saturni,
1136 2326 1229 2402 horis
1263 2327 1320 2402 IX
1353 2337 1389 2403 et
1421 2329 1476 2418 X,
1510 2339 1631 2430 perget
1658 2331 1886 2405 Patristieam
1907 2335 2071 2418 tractara;
2096 2327 2221 2404 diebus

699 2446 820 2522 Lunae
852 2454 889 2520 et
921 2447 1067 2536 Martia,
1100 2446 1182 2523 hora
1215 2446 1281 2536 IV,
1313 2447 1487 2524 enarrabit
1519 2451 1713 2525 Historiam
1737 2451 1915 2525 Ecclesiae
1944 2449 2163 2524 Christianae
2186 2451 2223 2524 ire

688 2569 813 2665 patria
837 2573 963 2641 mostra.

747 2759 1055 2861 Disputatienibua
1091 2784 1173 2836 cum
1206 2760 1356 2863 publicis
1392 2767 1469 2837 tum
1507 2762 1649 2860 privatis
1687 2762 1732 2838 de
1765 2763 1867 2837 Lucas
1903 2762 2130 2863 Theolopims,
2166 2761 2223 2837 die

698 2881 882 2970 Mercurii,
907 2881 992 2956 hora
1017 2879 1082 2970 IV,
1108 2881 1181 2956 auia
1206 2880 1359 2972 vicibus,
1383 2889 1570 2980 praeirent
1592 2881 1800 2982 Theologiac
1823 2881 2048 2959 Professores.

858 3096 914 3171 IN
937 3097 1221 3173 FACULTATE
1242 3083 1613 3177 'PHILOSOPHIAE
1637 3098 1982 3176 ffluoliurlcau
2005 3102 2067 3176 ΕΤ

1107 3216 1430 3341 Limnaeum
1451 3218 1812 3295 HUIIANIORUM.

749 3412 995 3475 mnnnnrcue
1008 3412 1338 3477 eunnnruusnn
1350 3416 1511 3477 eurora
1531 3404 1656 3480 diebus
1678 3405 1817 3496 Luae,
1841 3405 1968 3481 Martie
1984 3413 2021 3482 et
2039 3396 2222 3499 Mercurii,

700 3518 784 3595 hora
811 3519 887 3609 XI,
923 3521 1083 3621 Lupiam
1116 3524 1273 3613 docebit;
1309 3523 1434 3600 diebus
1467 3524 1578 3615 Iovia,
1613 3524 1759 3604 Veneria
1784 3532 1821 3599 et
1849 3525 2009 3616 Saturni,
2032 3526 2116 3601 born
2141 3526 2220 3620 IX,

702 3638 896 3711 Historiam
929 3639 1171 3739 Philosophiae
1201 3646 1365 3743 antiquae
1397 3651 1564 3743 exponet;
1599 3644 1722 3719 iisdem
1745 3643 1889 3734 diebus,
1914 3646 1999 3721 bora
2019 3644 2077 3734 X,
2102 3648 2221 3722 Meto·

691 3757 869 3855 physicam
891 3756 1022 3847 tradet;
1049 3758 1132 3834 hora
1154 3759 1372 3835 auditoribus
1393 3762 1576 3838 commoda
1599 3764 1759 3839 Ethieam
1784 3764 1980 3864 explicabit.
2024 3764 2118 3841 Cum
2143 3790 2220 3867 pro·

699 3874 909 3950 rectioribus
932 3900 1130 3953 crearemur
1153 3879 1408 3979 Philosophiam
1432 3875 1724 3982 interpretabitur.

746 3994 869 4069 rosus
887 4008 1064 4071 marauna
1083 4010 1289 4073 amaneus
1308 4013 1498 4074 vanarou
1526 4005 1774 4103 Antipatream
1801 4002 2008 4078 Hebraieam
2033 4004 2221 4104 explicabit

700 4113 824 4189 diebus
855 4114 996 4206 Lunae,·
1030 4118 1156 4194 Martia
1183 4126 1220 4193 et
1253 4121 1437 4211 Mercurii,
1461 4120 1545 4197 hora
1569 4121 1642 4210 IX,
1668 4122 1850 4198 Elementa
1879 4124 2124 4201 Grammaticos
2145 4125 2220 4201 He·

702 4234 858 4321 hroioae,
897 4233 1026 4309 additia
1064 4237 1234 4313 exercitiis
1270 4240 1469 4340 analyticis,
1504 4239 1619 4315 tradet
1652 4240 1777 4316 diebus
1810 4241 1954 4333 iisdem,
1990 4242 2076 4320 bora
2110 4244 2220 4335 vm,

703 4352 964 4426 orammaaeam
995 4354 1185 4453 limpharum
1216 4358 1453 4436 Semiticarum
1482 4370 1730 4461 comparatam,
1755 4359 1884 4435 additia
1907 4361 2079 4437 exercitiis
2103 4364 2220 4464 anulp-

700 4470 778 4545 ticis
804 4470 963 4545 Arabicis
985 4478 1020 4545 et
1044 4473 1244 4566 Aramaeia,
1268 4489 1417 4578 exponet
1442 4480 1567 4556 diebus
1586 4480 1699 4570 Iovia,
1724 4480 1870 4557 Veneria
1893 4489 1930 4555 et
1950 4482 2114 4574 Saturni,
2138 4484 2222 4563 bora

698 4590 791 4664 VIII
802 4623 811 4681 ;
838 4590 962 4665 hihros
989 4614 1121 4668 raanan
1146 4602 1182 4669 et
1208 4620 1487 4675 unornnouourr
1513 4600 1798 4701 interpretabitur
1817 4599 1942 4676 diebus
1967 4600 2113 4694 ssadem,
2138 4602 2221 4682 bora
2290 4678 2294 4683 .

701 4708 777 4799 ΙΧ;
811 4732 975 4787 raenuoe
1007 4712 1149 4789 selectos
1180 4715 1463 4817 interpretabitur
1485 4719 1543 4795 die
1570 4719 1731 4809 Saturni,
1756 4720 1840 4796 bore
1865 4718 1913 4797 X.
1963 4720 2058 4797 Cum
2080 4745 2221 4821 prorec-
