4967 6175
691 569 756 688 rso
1237 617 1264 684 1.
1299 616 1337 682 s.
1372 615 1408 686 c.
1442 614 1662 685 covers

688 826 803 912 foma,
838 822 901 900 sed
931 847 1036 924 opera
1064 830 1127 900 tus
1154 767 1347 923 praeclaro,
1372 823 1435 898 sed
1459 803 1644 923 singularis
1668 820 1777 898 animi
1802 821 1919 922 sigor,
1944 823 2007 898 scd
2027 825 2209 924 prudentia

687 953 723 1019 et
737 1021 739 1024 ,
753 967 832 1018 vero
852 943 1064 1034 constantia,
1093 967 1163 1044 quc
1188 942 1320 1042 petrice
1343 943 1490 1043 prodes,
1517 943 1687 1018 Senatum
1707 940 1753 1016 ad
1780 941 1844 1016 bos
1868 941 2016 1018 bonores
2039 943 2106 1018 tibi
2130 945 2210 1022 olis·

687 1062 812 1142 rendos
839 1072 1110 1142 commoverunt.
1162 1062 1217 1140 Tu
1253 1061 1298 1137 de
1328 1063 1434 1139 rebus
1457 1061 1660 1150 maritimis,
1685 1085 1776 1159 quac
1800 1061 2008 1140 medicinam
2035 1072 2210 1163 spectant,

687 1183 957 1282 quamoptime
995 1183 1165 1260 meruisti.
1216 1181 1304 1256 uuis
1335 1181 1517 1282 auspiciis,
1541 1181 1715 1280 quidquid
1742 1181 1894 1258 militum
1919 1183 2061 1259 sanitati
2083 1187 2209 1290 prospi-

687 1327 764 1382 cere
793 1303 923 1400 possit,
958 1301 1026 1380 uisi
1045 1302 1297 1390 constitutum,
1328 1310 1422 1378 certe
1448 1300 1673 1378 emendatum
1696 1308 1803 1400 etque
1833 1299 2025 1399 perlectum
2047 1311 2113 1380 eet.
2161 1307 2211 1382 Tu

688 1421 922 1512 medicorum,
957 1421 1087 1521 quibus
1120 1420 1316 1521 praefectus
1341 1447 1399 1511 es,
1430 1422 1571 1522 ingenie
1591 1420 1706 1511 loves,
1735 1420 1944 1498 industriam
1970 1423 2035 1499 slis
2058 1448 2210 1525 novoque

690 1542 851 1616 instituto
880 1549 990 1617 artem
1024 1542 1235 1617 fructuosam
1262 1540 1390 1617 reddis.
1443 1543 1499 1616 'Pu
1522 1539 1718 1616 reconditos
1743 1541 1780 1614 in
1803 1539 1932 1616 chartis
1954 1541 2117 1619 scientiae
2140 1546 2209 1621 tbe·

690 1685 829 1750 scuros,
861 1661 987 1736 illustri
1019 1685 1102 1736 sane
1127 1660 1306 1760 exemplo,
1330 1661 1467 1759 primus
1493 1659 1756 1761 deprompsisti,
1780 1659 1948 1736 notabilia
1967 1644 2211 1762 promulgasti,

690 1780 786 1857 varie
819 1779 960 1856 omnino
989 1782 1122 1858 ratione
1145 1780 1295 1856 civitatis
1318 1780 1649 1881 disciplinarumque
1674 1776 1902 1856 commodum-
1918 1804 2117 1879 promovere
2142 1793 2210 1858 stu·

690 1899 807 1976 duisti.
859 1900 898 1974 Si
928 1901 1146 2000 quisalius,
1181 1908 1222 1975 tu
1256 1899 1410 1998 profecto
1440 1900 1587 1975 summis
1617 1899 1654 1973 in
1678 1898 1854 1975 Medicina
1875 1899 2064 1976 bonoribus
2087 1903 2210 2003 dignm

690 2044 737 2096 es.
787 2021 927 2118 Augeat
961 2019 1086 2098 titulus
1119 2021 1156 2094 in
1190 2025 1225 2094 te
1259 2018 1405 2095 cebetas
1437 2018 1593 2098 muneris
1627 2019 1683 2094 tui
1707 2018 1944 2118 splendorem,
1977 2021 2096 2097 firmet
2118 2032 2210 2099 tuam

691 2139 802 2238 ipsius
826 2140 1089 2228 auctoritatem,
1123 2139 1250 2216 excitet
1272 2160 1417 2229 omnes,
1441 2139 1505 2238 qui
1528 2148 1591 2214 tao
1614 2139 1849 2215 moderamine
1872 2140 2003 2238 patrino
2026 2154 2171 2242 prosunt
2180 2147 2211 2218 l”

1194 2356 1311 2430 Vesta
1341 2356 1433 2430 Olor.
1458 2379 1496 2432 a.
1521 2377 1597 2431 vare
1621 2376 1722 2433 esus.

1222 2547 1477 2624 Psoucrrorus
1502 2571 1689 2625 munes.

742 2737 934 2836 nlmpense
965 2734 1122 2835 madeo,
1156 2734 1385 2835 Amplissime
1411 2757 1600 2825 oserasr,
1624 2734 1714 2812 festo
1737 2735 1843 2813 bocca
1869 2735 1927 2812 die
1954 2737 2213 2818 Mstbematico·

691 2879 770 2932 rum
796 2863 832 2930 et
851 2854 1079 2955 Physiocrum
1102 2854 1227 2932 Ordini
1253 2854 1550 2955 opportunitatem
1572 2854 1691 2931 datam
1713 2880 1789 2932 esse
1809 2864 1846 2932 te
1863 2855 1902 2931 in
1923 2857 2117 2936 Doctorum
2139 2886 2214 2937 suc·

691 2999 770 3052 rum
793 2997 979 3053 numerum
1000 2973 1199 3073 recipiendi.
1257 2976 1309 3050 Ut
1330 2975 1425 3052 enim
1450 2974 1607 3074 plerique
1627 2982 1787 3054 nostum
1805 2983 1842 3050 te
1865 2977 2020 3054 amicum
2044 2980 2216 3072 salutem,

691 3094 740 3169 its
772 3092 818 3169 ob
850 3092 1061 3191 singularem
1090 3101 1188 3169 tuam
1212 3102 1285 3171 tam
1312 3094 1547 3171 doctrinarum
1574 3094 1897 3174 mathematicamm
1922 3122 2029 3197 quam
2052 3101 2104 3176 rei
2128 3102 2216 3177 mili·

693 3213 778 3291 turis
815 3211 974 3312 peritiam
1007 3213 1082 3289 iure
1114 3213 1159 3289 ab
1195 3213 1359 3289 omnibus
1389 3213 1511 3313 magni
1545 3212 1693 3292 haberis.
1742 3216 1884 3296 Quibus
1914 3217 2050 3294 srtibus
2084 3229 2126 3295 ut
2157 3220 2219 3297 diu

637 3421 641 3426 ,
693 3332 876 3412 incolumis
900 3333 1031 3433 petrice
1056 3333 1292 3433 doctrinisque
1314 3334 1479 3435 prodesse
1501 3333 1635 3434 possis,
1660 3336 1845 3413 exanimo
1867 3342 2067 3437 optemus.'’

1218 3528 1333 3603 Verte
1364 3530 1457 3602 Olor.
1483 3551 1555 3603 cen
1578 3552 1692 3603 usse.

744 3689 929 3776 nSslvete,
964 3688 1028 3764 viri
1062 3686 1255 3788 plurimum
1287 3688 1505 3779 venerandi,
1539 3714 1696 3767 summos
1724 3689 1763 3764 in
1784 3688 1973 3792 'Pbcologis
1994 3718 2074 3771 mox
2093 3721 2211 3773 couse-

690 3809 806 3883 cutmi
830 3806 995 3883 honoresl
1033 3808 1140 3888 Quod
1165 3808 1314 3883 Senatum
1336 3808 1538 3883 Academici
1559 3807 1735 3884 decretum
1758 3811 1812 3883 uti
1834 3810 1932 3887 vobis
1947 3813 2214 3893 bonorificentis-

690 3930 818 4005 simum
852 3936 926 4018 est,
962 3928 1012 4005 sic
1043 3927 1131 4003 milri
1162 3950 1303 4027 quoque
1332 3926 1588 4026 periucundum
1618 3951 1695 4001 esse
1726 3927 1856 4001 credite
1880 3928 2026 4005 sollemni
2049 3933 2113 4009 bac
2134 3936 2215 4012 bora

690 4045 899 4121 Promotoris
925 4045 1016 4121 vices
1037 4068 1151 4145 agere.
1185 4044 1322 4159 ‚Quid
1346 4045 1442 4144 quod
1465 4053 1611 4143 uterque
1637 4045 1681 4119 de
1702 4044 1761 4121 illa
1783 4046 1995 4147 theologicae
2015 4050 2213 4153 disciplinae

690 4174 786 4261 parte
819 4164 949 4262 optime
980 4165 1095 4239 meriti
1129 4169 1232 4253 estls,
1266 4189 1372 4262 quem
1404 4188 1470 4263 ego
1500 4188 1636 4262 semper
1665 4165 1702 4253 in
1732 4164 1864 4240 deliciis
1889 4166 2018 4258 habui,
2044 4174 2212 4274 cuiusque

690 4282 827 4380 publice
851 4282 1039 4357 tradendae
1063 4282 1150 4357 mihi
1174 4283 1340 4358 mandata
1362 4291 1417 4357 est
1438 4283 1637 4382 provincia?

737 4401 812 4489 Tu,
847 4399 1038 4499 plurimum
1070 4400 1276 4476 Venerande
1308 4424 1480 4490 suessos,
1510 4426 1573 4503 per
1601 4401 1740 4500 longam
1770 4428 1942 4481 annorum
1970 4408 2094 4486 seriem
2116 4412 2210 4488 indc-

688 4522 778 4595 lesso
801 4518 917 4596 labore
943 4518 980 4594 in
1004 4518 1121 4594 studia
1142 4519 1304 4596 historice
1330 4520 1541 4609 incubuisti,
1572 4520 1744 4621 seriisque
1767 4522 1930 4621 operibus
1952 4534 1987 4600 ts
2006 4553 2208 4626 germanum

688 4664 934 4729 sorsannsrr,
971 4664 1077 4740 quem
1112 4647 1153 4717 lu
1187 4638 1332 4717 maximi
1361 4636 1493 4727 fecisti,
1526 4646 1627 4713 utto
1651 4638 1710 4713 ille
1730 4640 1851 4737 ansgui
1875 4641 1977 4734 fecit,
2000 4646 2207 4745 discipulum

687 4758 851 4855 probasti.
901 4759 1031 4858 Accipe
1054 4758 1185 4837 iustam
1214 4756 1347 4855 diuque
1369 4754 1436 4831 tibi
1459 4754 1613 4832 debitam
1639 4759 1839 4835 meritorum
1865 4768 2184 4845 remunerationem.
