4967 6175
649 767 652 772 ,
680 692 939 762 PROGthlhih
963 695 1205 763 minutius
1228 697 1452 768 trnnntnrr.
1753 703 1815 771 189

645 923 710 998 AB
736 923 924 998 ORDINE
948 922 1462 1000 IURISCONSULTORUM.

341 1139 546 1240 Beqeisitur
576 1139 761 1236 daeputctc'c
800 1139 842 1212 de
873 1141 1134 1238 increscentiam
1164 1141 1303 1238 repelet:
1340 1164 1485 1214 enecem
1513 1149 1652 1238 partem
1679 1167 1751 1218 esee
1783 1154 1819 1220 et

294 1260 394 1358 quasi
423 1259 700 1334 estimem
736 1259 939 1334 territorii?
991 1261 1214 1358 disponetur,¹
1236 1284 1324 1358 quae
1349 1260 1399 1332 eit
1423 1259 1523 1334 hcine
1545 1263 1683 1360 repulere
1707 1265 1813 1339 intro·

295 1379 415 1453 ductae
448 1379 635 1478 senumque
657 1385 874 1476 prcpnpatce
903 1379 1047 1453 hs'etcrs'a
1077 1387 1113 1454 et
1135 1403 1236 1478 quam
1259 1380 1332 1454 lete
1347 1385 1474 1476 pateat
1496 1382 1569 1454 eiua
1595 1405 1684 1456 usus.
1737 1383 1817 1457 Non

295 1505 425 1572 mmm
444 1500 532 1572 iacis
546 1499 699 1597 centiam
721 1499 837 1572 sedet
856 1497 1002 1572 aliarum
1024 1499 1315 1598 inre'apcndentiee
1326 1502 1482 1595 particen
1502 1500 1667 1576 habeatur
1691 1505 1793 1577 ratic.

747 1737 811 1810 AB
836 1736 1026 1812 ORDINE
1052 1735 1367 1812 MEDIGORUM.

345 1977 550 2074 Eopcnatur
562 1973 781 2072 pnttclcpiec
810 1971 908 2047 Utens·
922 1973 1078 2068 effectio,
1094 1993 1206 2071 quae,
1229 1997 1273 2046 ee
1290 1971 1398 2048 nimia
1415 1974 1514 2049 tiniae
1529 1977 1650 2074 erponi
1667 2003 1691 2050 α
1710 1978 1820 2068 tione,

296 2097 484 2172 atam
507 2094 648 2168 reddere
670 2092 727 2166 cel
746 2092 909 2188 impedire
932 2090 1025 2163 calet
1048 2089 1273 2186 sepultionem
1291 2092 1362 2164 eice
1375 2095 1514 2185 scetes,
1539 2095 1610 2168 eice
1623 2095 1819 2192 placentae.

347 2214 521 2288 studetur
549 2210 658 2286 breuis
688 2211 787 2284 huius
816 2209 899 2282 mali
931 2209 1074 2282 historia
1103 2209 1289 2292 literaria;
1323 2211 1478 2307 inprimis
1507 2219 1619 2286 auten
1650 2215 1822 2311 dinpnoeia

293 2335 467 2408 mrum
490 2333 692 2428 medeam,
717 2336 754 2403 et
776 2329 918 2403 curandi
944 2330 1058 2403 modus
1065 2363 1080 2412 ,·
1107 2327 1272 2415 adiectae,
1297 2330 1330 2401 ei
1338 2331 1473 2427 possit,
1498 2354 1564 2402 non
1570 2332 1710 2428 publice
1722 2333 1823 2408 editis

297 2453 439 2528 ceco.

344 2693 526 2790 Responsa
546 2689 591 2764 ad
613 2687 832 2788 quaestiones
854 2684 1050 2785 propositus
1073 2683 1118 2760 ub
1141 2683 1274 2759 Ordine
1295 2683 1536 2784 Philosophiae
1558 2684 1765 2762 theoreticae
1786 2695 1822 2762 et

296 2812 473 2887 literarum
499 2808 744 2885 humaniorum
767 2803 894 2882 latino
915 2829 1072 2881 sermone
1095 2803 1343 2881 conscribenda
1366 2811 1467 2894 sunt;
1492 2803 1530 2879 in
1549 2803 1693 2906 reliquis
1714 2806 1822 2882 etiam

295 2930 408 3032 patrio
431 2928 484 3004 uti
506 2926 634 3012 licebit.
693 2927 856 3032 Getarum
883 2923 1189 3001 commentationes
1212 2948 1333 2999 omnes
1355 2923 1467 2999 aliena
1491 2949 1600 3000 manu
1625 2924 1820 3001 describen-

297 3051 383 3140 dae,
407 3055 488 3125 onte
513 3046 607 3122 diem
627 3069 677 3122 xv
700 3070 747 3123 m.
775 3045 905 3147 Aprilis
928 3071 958 3123 a.
983 3069 1238 3122 crorcoocuxrn
1257 3044 1442 3121 mittontor
1463 3045 1509 3122 ud
1523 3044 1648 3122 Virum
1665 3046 1821 3123 Chrisni·

297 3194 417 3259 mum,
442 3168 504 3268 qni
526 3168 675 3242 Senatus
696 3165 897 3241 Academici
919 3173 996 3242 acte
1017 3166 1162 3242 curabit.
1214 3166 1381 3264 Singulae
1402 3165 1566 3241 lemmate
1588 3166 1822 3244 inscribuntor

297 3289 601 3387 adiunguntorque
631 3286 783 3361 scidulae
817 3285 1037 3386 obsignatae,
1072 3287 1279 3386 scriptorum
1300 3285 1442 3361 nomina
1467 3297 1504 3361 et
1524 3287 1749 3385 praenomina
1768 3287 1820 3361 in-

299 3415 397 3507 tegro
419 3407 654 3495 continentes,
680 3404 872 3504 eodemque
898 3406 1060 3480 lemmate
1085 3405 1298 3481 extrinsecus
1323 3404 1516 3482 distinctae.

348 3526 524 3601 Ordinum
559 3526 603 3599 de
635 3523 996 3599 commentationibus
1022 3522 1151 3599 iudicia
1175 3525 1512 3624 pronuntiabuntur,
1541 3526 1823 3626 optimorumque

299 3646 641 3723 Commentationum
664 3644 906 3744 scriptoribus,
939 3642 1179 3742 disquisitione
1202 3652 1284 3722 ante
1308 3646 1489 3737 instituta,
1513 3647 1669 3746 praemia
1691 3647 1822 3723 tribue·

302 3774 360 3843 tur
383 3766 459 3866 ipso
484 3764 541 3839 die
564 3762 772 3841 Academiae
795 3764 904 3839 natali
928 3789 959 3840 a.
986 3788 1232 3841 crorcocoxru.
