4967 6175
660 676 703 747 ee
813 656 820 669 '
1146 676 1341 743 suares
1375 674 1704 743 nncrronuu.

660 911 686 972 L
708 908 746 968 G.
765 902 991 966 HULLEMIN
1016 882 1159 959 selectas
1180 906 1337 958 nonarrr
1361 885 1501 959 Satires
1523 890 1559 959 et
1579 907 1772 959 crcnnours
1798 887 1990 960 Sordonum

708 1004 1008 1106 interpretabitur,
1026 1003 1151 1079 diebus
1174 1002 1316 1092 Lunae,
1339 1002 1466 1078 Martis
1489 1010 1526 1077 et
1548 1003 1713 1079 Mercurii
1723 1062 1989 1095 ........
2016 1005 2100 1083 bora
2124 1008 2187 1083 IX.

759 1123 1033 1201 Provectioribus
1049 1122 1228 1225 discipulis
1251 1121 1437 1224 explicabit
1458 1146 1581 1199 numm
1604 1123 1801 1230 He'etoriue,
1827 1123 1884 1199 die
1900 1126 1995 1199 Mer·

806 1244 912 1332 curii,
2095 1246 2189 1325 III-I

758 1365 850 1439 Cum
868 1363 1064 1439 Liberorum
1082 1361 1289 1437 candidatis
1313 1364 1453 1438 Satires
1474 1385 1596 1437 rnasn
1617 1362 1728 1463 leget,
1751 1361 1809 1438 die
1830 1362 1993 1453 Sutnmi,
2102 1367 2189 1443 l·IlI.

783 1482 1021 1582 Antiquitatcs
1045 1480 1181 1555 Atticas
1206 1479 1362 1569 docebit,
1388 1480 1445 1555 dle
1468 1481 1609 1569 Lunae,
1657 1539 1992 1559 ..........
2159 1488 2191 1560 Il

859 1610 895 1676 et
919 1600 976 1675 die
1002 1600 1114 1687 lovis,
1151 1656 1995 1680 ........................
2126 1606 2189 1681 ΙΧ.

664 1744 700 1803 Β.
721 1740 845 1802 nuum
870 1720 1055 1795 Historiam
1079 1718 1215 1794 Patriae
1241 1718 1374 1808 tradet,
1401 1717 1525 1794 diebus
1547 1720 1731 1810 Mercurii,
1755 1722 1848 1797 Iovis
1866 1731 1902 1798 et
1924 1721 1992 1798 Ve-

712 1840 804 1917 neris
812 1894 1992 1928 .................................
2164 1845 2190 1920 l.

761 1960 947 2037 Historiam
982 1969 1142 2035 motuum
1175 1958 1212 2031 in
1242 1957 1434 2059 Republica
1448 2039 1453 2047 ,
1466 1961 1598 2035 Batava
1635 1960 1702 2034 snb
1732 1960 1837 2035 finem
1863 1962 1990 2037 saeculi

809 2078 938 2153 XVIII
963 2078 1132 2155 lectorum
1158 2102 1329 2178 exponere
1352 2087 1493 2179 perget,
1518 2077 1643 2153 diebus
1663 2079 1785 2156 Lunae
1803 2088 1838 2156 et
1852 2080 1993 2169 Martis,
2165 2084 2190 2160 l.

763 2198 977 2299 Disputandi
1011 2198 1173 2276 exercitia
1206 2197 1347 2298 publica
1380 2198 1652 2274 moderabuntnr
1683 2224 1716 2275 c.
1751 2225 1785 2277 e.
1816 2224 1928 2277 cornu
1961 2208 1997 2275 et

814 2342 838 2394 1.
866 2344 900 2393 e.
927 2318 1370 2408 murmurmurmur,
1406 2373 1996 2396 .................
2130 2320 2191 2399 Xl.

1189 2512 1438 2589 FAOUL'IAS
1462 2513 1665 2590 MEDICA.

663 2695 696 2759 c.
717 2693 841 2755 PBUYS
861 2694 945 2756 VIN
965 2694 1046 2755 nult
1067 2694 1233 2756 Houqu
1245 2676 1484 2779 Patbologiam
1497 2676 1654 2767 docebit,
1672 2677 1797 2753 diebus
1808 2680 1993 2768 Mercurii,

713 2795 810 2871 Iovis
834 2802 870 2869 et
894 2793 1038 2870 Veneris
1049 2854 2000 2884 ...........................

604 2918 611 2931 ’
763 2914 977 2991 Medicinam
1000 2914 1185 3015 practicam
1209 2942 1291 2993 cum
1313 2918 1556 2994 exercitatione
1582 2920 1617 2993 iu
1644 2918 1853 2993 Nosocomio
1878 2919 1999 2993 acade-

814 3034 921 3123 mico,
947 3034 1122 3134 quotidie,
1154 3093 1998 3114 ........................

766 3152 958 3228 Historiam
983 3152 1181 3229 Medicinae
1204 3153 1337 3242 tradet,
1362 3153 1487 3229 diebus
1511 3153 1632 3228 Lunae
1656 3159 1693 3228 et
1716 3152 1842 3227 Martis
1851 3211 1997 3243 .....

667 3291 704 3354 G.
725 3292 757 3354 ο.
778 3293 813 3353 Β.
834 3291 1038 3354 SURINGAR
1069 3271 1273 3372 Therapiam
1306 3273 1502 3373 generalem
1536 3272 1693 3362 docebit,
1724 3271 1849 3347 diebus
1874 3272 1999 3348 Martis

778 3395 796 3466 I
820 3393 853 3467 vi
935 3450 1380 3469 .............
1407 3417 1417 3467 :
1445 3447 1998 3471 ................

718 3401 1079 3613 etPllarlriaeoguosin
1111 3519 1147 3588 et
1177 3512 1371 3588 naturalem
1398 3512 1629 3626 remediorum
1653 3512 1851 3600 historiam,
1877 3511 2001 3588 diebus

815 3631 955 3720 Lunae,
980 3630 1146 3707 Mercurii
1169 3639 1205 3706 et
1229 3629 1374 3707 Veneris
1382 3683 1998 3721 ..................

768 3751 1058 3851 'Ibempeuticum
1092 3751 1322 3826 remediorum
1356 3775 1459 3827 usum
1480 3751 1666 3842 indicabit,
1690 3751 1815 3827 diebus
1837 3752 2003 3826 Mercurii

818 3878 854 3945 et
878 3868 1041 3957 Veneris,
1089 3925 2002 3948 ..........................
2135 3869 2196 3946 ul

770 3988 971 4064 Doctrinam
1014 3986 1211 4063 morborum
1257 3987 1485 4088 singularium
1524 3989 1656 4079 tradet,
1696 3989 1821 4066 diebus
1859 3991 2000 4078 Lunae,

821 4108 947 4184 Martis
972 4116 1008 4184 et
1032 4107 1120 4184 Ievis
1129 4164 1999 4197 .........................
2134 4109 2197 4185 IX.

668 4235 673 4248 '
772 4229 899 4305 Praxin
924 4227 1094 4304 medicam
1115 4228 1161 4305 ad
1183 4227 1327 4304 lectulos
1339 4227 1593 4329 aegrotantium
1609 4228 1862 4319 moderabitur,
1878 4229 2003 4306 diebus

822 4346 986 4448 singulis,
1018 4402 2005 4426 ............................
2151 4345 2198 4422 Χ.

676 4462 713 4547 F}
731 4483 778 4544 W.
798 4483 977 4544 KRIuGuR
1008 4464 1190 4540 Theoriam
1223 4465 1435 4564 Disciplinae
1457 4466 1670 4568 chirurgicee
1692 4475 1859 4567 exponet,
1884 4467 2008 4543 diebus

728 4585 868 4673 Lunna,
894 4583 1059 4659 Mercurii
1078 4592 1120 4658 et
1143 4582 1288 4659 Veneris
1297 4639 2002 4674 ....................
2111 4587 2200 4664 VIII.

779 4702 1094 4780 Exercitationibus
1133 4702 1265 4778 clinicis
1298 4704 1335 4778 in
1372 4705 1581 4782 Nosocomio
1611 4707 1809 4783 academico
1840 4709 2009 4784 habendis

750 4849 752 4856 ⁸
829 4823 980 4914 vacabit,
1005 4820 1130 4899 diebus
1154 4821 1296 4913 Lunae,
1321 4824 1506 4915 Mercurii,
1532 4825 1620 4902 Iovis
1644 4835 1681 4902 et
1705 4827 1845 4904 Saturni
1851 4887 2005 4917 .....
2125 4827 2201 4903 XII.
