4967 6175
910 687 1191 761 onsrro.
1387 667 1391 675 ’
1774 687 1816 757 rc

285 914 324 981 et
344 901 622 981 condonandum.
673 900 896 1001 'I'hcologiam
919 900 1151 1001 dogmaticum
1174 897 1370 973 excolentes
1388 896 1441 971 illi
1460 895 1657 973 necessitati
1672 895 1814 977 cuidam

284 1026 440 1100 internae
456 1020 753 1121 obtemperabunt.
792 1018 1026 1095 Christianum
1045 1017 1247 1118 religionem
1266 1024 1341 1092 toto
1358 1023 1496 1116 pectore
1514 1017 1682 1117 amplexi,
1701 1016 1816 1118 quelis

285 1168 327 1219 ea
358 1149 451 1219 esset
479 1139 720 1242 inquirebant3
755 1162 844 1239 quae
871 1139 966 1216 intus
990 1137 1259 1239 experiebantur
1280 1145 1317 1212 et
1341 1135 1413 1211 vita
1436 1160 1502 1212 sua
1525 1137 1717 1237 exprimere
1740 1145 1816 1215 stu·

285 1262 434 1351 debant,
455 1262 577 1338 eadem
599 1261 667 1362 ipsi
686 1260 878 1361 intelligere
897 1268 934 1335 et
954 1258 1031 1335 eliis
1049 1258 1087 1333 in
1107 1264 1297 1356 conspectu
1315 1278 1444 1356 ponere
1459 1255 1684 1334 conabantur.
1721 1258 1815 1333 Cum

285 1380 363 1458 Deo
386 1381 577 1457 arctissime
600 1380 794 1471 coniuncti,
818 1406 839 1457 e
866 1403 997 1480 poeuae
1019 1378 1204 1454 tormidine
1225 1375 1382 1465 libemti,
1404 1375 1566 1452 intimm
1586 1376 1695 1453 dirim
1717 1402 1814 1454 amo·

285 1499 335 1576 ris
355 1498 620 1588 certitudinem,
644 1498 914 1574 immortalitatis
941 1510 976 1573 et
1001 1496 1228 1573 beatitudinis
1254 1518 1351 1596 spem
1377 1494 1617 1572 inconcussam
1640 1496 1816 1587 lucentes,

286 1618 514 1695 haecomnia
540 1641 624 1694 rnsu
652 1642 689 1693 se
715 1618 841 1695 debers
866 1626 902 1693 et
926 1625 1092 1694 noverant
1117 1623 1152 1691 et
1176 1614 1438 1715 profitebantur.
1489 1616 1588 1695 Quid
1610 1617 1738 1693 mirum
1763 1617 1814 1707 si,

286 1738 434 1815 obscuro
472 1737 537 1813 hoc
581 1762 685 1813 sensu
720 1738 866 1813 minime
901 1738 1077 1825 contenti,
1110 1746 1146 1811 et
1177 1760 1240 1811 eur
1268 1744 1305 1810 et
1330 1734 1505 1834 quomodo
1534 1743 1572 1811 et
1606 1736 1700 1813 unde
1733 1737 1818 1813 hece

286 1856 403 1934 omnia
428 1865 544 1931 essent
562 1856 812 1956 explorabant?
845 1852 1117 1956 En'theologiae
1138 1854 1356 1955 dogmaticae
1374 1853 1562 1954 origiucml
1597 1856 1689 1935 Quis
1708 1856 1819 1956 igitur

285 2001 356 2051 uon
382 1975 498 2051 statim
525 1975 704 2076 sgnoscit,
732 1976 898 2051 formulas
923 1974 1156 2075 dogmaticas,
1182 1973 1313 2073 quibus
1336 1972 1540 2073 religionem
1567 1974 1818 2068 describerent,

286 2094 428 2171 abunde
450 2119 557 2195 quam
579 2119 623 2170 cx
646 2094 737 2171 veria
757 2095 928 2195 omneque
950 2095 1058 2171 seculi
1077 2093 1295 2194 philosophia
1316 2091 1391 2192 peti
1410 2116 1481 2167 non
1503 2094 1682 2192 potuisse?
1716 2098 1819 2175 Ques

287 2214 434 2314 singulis
471 2213 646 2290 aetatibus
683 2212 847 2313 vigebant
882 2212 1041 2288 notiones
1075 2211 1120 2287 de
1154 2212 1261 2287 rebus
1293 2211 1462 2312 physicis,
1495 2213 1687 2305 historicis,
1722 2216 1820 2307 aliie,

287 2335 428 2410 easdem
461 2334 499 2409 in
531 2358 635 2409 usum
672 2358 775 2410 suum
810 2332 1056 2409 convertebant
1080 2332 1243 2432 theologi
1295 2331 1353 2407 Sic
1377 2332 1413 2407 in
1437 2332 1521 2409 orbe
1541 2335 1687 2434 antiquo
1710 2336 1823 2436 philo·

288 2452 409 2552 sophia
440 2452 677 2529 Alexandrina
709 2461 765 2541 et,
798 2453 893 2527 unde
923 2452 1008 2529 haec
1039 2452 1208 2552 originem
1241 2451 1363 2542 duxit,
1394 2453 1598 2531 Plentouiea
1630 2456 1701 2531 vim
1725 2482 1822 2532 exse-

287 2582 434 2649 ruerunt
458 2596 695 2673 permagnum.
746 2572 803 2647 Sic
826 2572 942 2648 medio
966 2597 1050 2648 acuo
1071 2572 1208 2673 singule
1234 2572 1400 2673 dogmata
1420 2575 1595 2651 transluse
1614 2576 1715 2676 quasi
1739 2585 1824 2653 sunt

286 2694 325 2769 in
360 2694 488 2793 logices
517 2691 757 2769 Aristotelicas
787 2691 987 2791 categorias.
1044 2693 1120 2768 Neo
1153 2692 1271 2768 miuus
1294 2704 1375 2793 post
1399 2718 1572 2771 sacrorum
1595 2697 1712 2773 seculo
1734 2696 1824 2771 XVI

288 2813 573 2888 instaurationem
604 2818 771 2910 perpetue
801 2810 1003 2886 observetur
1032 2809 1246 2910 dogmaticos
1277 2814 1598 2904 transformatio,e
1628 2818 1825 2915 systematis

288 2928 556 3031 philosophicis,
581 2953 671 3027 quae
697 2953 735 3003 sc
757 2928 906 3004 invicem
928 2938 1151 3029 exceperunt,
1173 2932 1386 3031 explicanda.
1425 2933 1597 3009 Maiorem
1618 2934 1707 3011 hauc
1728 2962 1823 3027 esse,

290 3074 361 3150 quc
394 3048 498 3124 latius
530 3047 683 3122 humana
713 3046 857 3154 scientia
891 3072 966 3124 sese
998 3049 1192 3124 extenderit
1227 3074 1367 3150 quoque
1388 3050 1494 3127 altius
1516 3053 1554 3126 in
1576 3053 1687 3151 ipsam
1709 3079 1826 3132 rerum

288 3176 450 3245 naturam
473 3165 720 3266 penetraverit,
741 3167 835 3242 ultro
853 3165 1069 3266 intelligitur.
1120 3167 1231 3242 Teuta
1255 3167 1363 3267 igitur
1383 3176 1438 3242 est
1455 3175 1670 3269 temporum,
1693 3172 1825 3271 quibus
1949 3210 1952 3214 ·

289 3313 354 3366 nos
382 3287 548 3376 vivimus,
574 3295 610 3361 et
639 3286 809 3362 variarum
831 3285 1091 3386 disciplinarum
1113 3286 1279 3362 hodierna
1301 3286 1373 3375 vis,
1393 3287 1501 3363 utvel
1516 3288 1824 3390 ὀρθοδοξότατοι

289 3433 350 3484 eas
371 3432 394 3482 a
416 3430 453 3481 se
479 3429 593 3482 arcere
618 3415 805 3506 nequeant.
855 3407 1145 3506 Quotusquisque
1168 3407 1344 3507 reliquus,
1368 3408 1431 3507 qui
1455 3408 1656 3487 etiamnunc
1680 3412 1824 3514 dogma·

291 3527 396 3602 tieem
423 3551 445 3601 a
469 3526 767 3602 Reformetcribus
790 3528 963 3603 excultam
981 3527 1227 3627 amplectetur,
1247 3536 1311 3602 aut
1330 3551 1441 3604 unum
1462 3529 1584 3606 saltem
1606 3555 1726 3608 eorum
1748 3535 1822 3633 pls·

291 3647 401 3723 citum
428 3646 477 3721 sie
497 3645 660 3746 recipiet,
686 3654 727 3722 ut
753 3647 841 3723 uihil
864 3647 955 3722 inter
979 3671 1061 3722 eum
1086 3657 1121 3722 et
1144 3647 1357 3747 antiquiores
1380 3649 1541 3725 intersit?
1589 3653 1672 3728 Non
1693 3654 1822 3732 desum

292 3793 397 3859 sanc,
431 3769 494 3868 qui
519 3775 673 3844 vetustas
693 3765 860 3844 formulas
883 3791 920 3842 se
943 3767 1034 3841 tucri
1056 3766 1148 3844 bone
1172 3768 1242 3843 lide
1266 3770 1506 3866 profiteantur.
1542 3772 1597 3848 Re
1620 3797 1700 3849 vero
1721 3799 1821 3852 accu-

292 3891 403 3966 ratius
423 3913 611 3990 perpensa,
644 3889 798 3965 oratioue
820 3887 1033 3986 relinquere,
1069 3910 1106 3961 re
1131 3886 1250 3962 tollere
1274 3889 1419 3989 antiqua
1442 3891 1607 3992 dogmate
1630 3893 1820 3993 deprehen-

294 4010 436 4086 duntur.
487 4008 588 4085 Adeo
611 4031 731 4084 verum
754 4016 827 4096 est,
853 4007 950 4106 quod
970 4006 1005 4080 in
1025 4007 1205 4105 proverbio
1226 4032 1303 4082 esse
1321 4010 1452 4109 coepit,
1478 4010 1549 4087 duo
1572 4037 1682 4111 quum
1702 4014 1820 4092 dicant

294 4128 389 4204 idem
411 4151 481 4203 non
510 4151 585 4203 esse
612 4127 717 4203 idem.
768 4130 887 4207 Quam
914 4126 1109 4230 libertatem
1136 4134 1177 4201 ut
1200 4128 1449 4227 reprehendam
1474 4131 1674 4230 longissime
1697 4135 1820 4225 abest,

296 4247 486 4322 dummodo
519 4247 581 4346 qui
616 4247 665 4323 sic
698 4255 810 4348 egunt
839 4272 884 4322 ne
913 4245 1180 4334 obliviscentur,
1214 4246 1292 4322 aliis
1313 4249 1568 4326 concedendam
1590 4276 1686 4341 esse,
1711 4279 1818 4354 quam

293 4365 363 4470 ipsi
387 4366 456 4442 sibi
480 4374 639 4457 sumant,
665 4368 812 4444 veniam

345 4608 426 4682 Non
457 4631 594 4695 vereor,
626 4631 670 4683 uc
696 4631 785 4707 quae
810 4607 880 4684 iam
903 4606 1065 4708 exposui,
1089 4605 1206 4706 potius
1228 4608 1342 4684 dicem
1364 4611 1401 4686 in
1423 4612 1625 4690 memoriam
1645 4620 1816 4709 revocavi,

294 4725 405 4802 Vobis
439 4749 649 4827 magnopere
677 4725 890 4826 displiceant.
941 4730 1147 4827 Agnoscunt
1169 4725 1273 4804 hodic
1293 4738 1432 4806 tantum
1456 4756 1527 4808 uon
1548 4758 1689 4826 omnes,
1712 4737 1815 4814 aliam

293 4869 369 4922 esse
401 4845 611 4949 populorum
640 4845 880 4937 orientalium,
915 4847 1019 4924 ubam
1050 4849 1283 4938 Graecorum,
1318 4850 1422 4928 aliem
1458 4852 1681 4944 latinorum,
1713 4857 1816 4932 eliam
