4967 6175
904 723 1181 793 ORATIO.
1757 728 1799 791 93

294 985 297 993 ·
335 932 477 1009 Utinam
508 931 544 1005 in
578 930 739 1005 secundis
770 930 863 1007 bisce
889 932 1077 1007 subsistere
1109 932 1244 1007 liceret!
1280 930 1483 1006 Sedunum
1504 930 1801 1008 necsinenoatro

287 1054 382 1127 luctu
415 1057 558 1125 exactus
591 1056 646 1123 est
681 1073 745 1123 nee
778 1050 851 1123 sine
886 1049 983 1124 clade
1015 1058 1142 1125 nostra.
1193 1052 1237 1124 In
1274 1050 1481 1124 Curatorum
1510 1050 1666 1153 Collegio
1693 1052 1801 1153 inque

286 1179 403 1246 nostro
431 1179 467 1245 et
499 1170 536 1243 in
568 1168 706 1244 Civium
735 1168 866 1244 Ordine
897 1192 972 1243 esse
1005 1167 1230 1255 meministis,
1255 1167 1467 1265 gravissimis
1489 1168 1597 1246 cheul
1622 1196 1801 1271 percussos

287 1289 498 1365 vulneribus.
546 1289 643 1377 Nos,
678 1286 807 1386 qnibus
839 1288 988 1387 plurima
1020 1313 1063 1363 ex
1097 1296 1175 1362 voto
1207 1288 1404 1373 fluxerunt,
1437 1310 1507 1361 non
1537 1288 1624 1363 adeo
1657 1291 1744 1367 duri·
1766 1305 1802 1368 et

287 1410 386 1485 ferrei
409 1434 551 1497 snmus,
588 1416 626 1482 ut
653 1432 756 1483 suum
779 1408 905 1507 cuique
927 1409 1077 1483 dolorem
1104 1408 1350 1508 relinquamus.
1402 1406 1542 1485 Quodsi
1561 1419 1679 1485 nostra
1700 1413 1802 1488 uris'e·

289 1529 452 1605 riesrdiue
481 1526 686 1627 significatio
714 1526 799 1625 ipsis
829 1527 1063 1603 moerentibus
1098 1551 1221 1626 parum
1255 1524 1437 1615 satisfacit,
1469 1537 1605 1603 constat
1632 1529 1803 1629 profecto,

291 1649 460 1724 efficacius
502 1672 576 1722 esse
615 1646 784 1722 malorum
820 1646 991 1736 levamen;
1033 1646 1119 1744 quin
1150 1645 1319 1721 redeundi
1356 1644 1401 1719 ad
1439 1646 1680 1725 molestissima
1716 1650 1805 1725 vitae

290 1768 429 1866 negotia
458 1766 657 1841 facilitatem
690 1773 726 1843 et
754 1775 906 1843 mentam
940 1791 1085 1865 aequam
1110 1774 1186 1840 tum
1208 1765 1359 1839 maxime
1380 1763 1579 1865 obtingere,
1605 1794 1716 1867 quum
1741 1771 1806 1845 hoc

289 1885 439 1962 maxime
468 1886 599 1986 placet:
621 1890 696 1983 fiat
720 1886 874 1960 volantes
899 1888 985 1959 tua!
1020 1884 1126 1963 Quod
1148 1892 1266 1959 autem
1289 1880 1424 1959 cladem
1446 1894 1599 1961 nostram
1621 1887 1713 1979 dixi,
1737 1891 1805 1991 ipsi

289 2008 356 2081 iam
393 2005 645 2104 pmnunciastis
676 2004 818 2081 nomina
848 2003 1082 2107 Professorum
1114 2003 1200 2077 rude
1235 2002 1441 2079 donatorum
1472 2026 1621 2093 nonrrr,
1650 2030 1806 2082 acuas·

291 2149 417 2201 nrcnrr
443 2136 478 2199 et
502 2147 727 2201 sensurum.

339 2246 392 2320 De
422 2245 475 2319 his
498 2245 579 2319 viris
605 2244 703 2319 silere
726 2252 879 2343 praestat
904 2269 1009 2343 quam
1035 2268 1145 2344 pauca
1168 2244 1291 2318 dicere.
1343 2243 1412 2316 Sed
1440 2242 1528 2317 illud
1555 2252 1648 2319 vetat
1671 2246 1808 2345 regium

291 2368 335 2441 de
370 2366 594 2441 Institutione
626 2366 799 2465 superiore
829 2363 1027 2452 decretum,
1053 2365 1116 2439 hoc
1143 2363 1241 2439 iubet
1265 2386 1342 2437 maa
1364 2362 1645 2461 disciplinarum,
1670 2366 1707 2439 in
1732 2368 1808 2465 qui-

293 2490 359 2562 bus
392 2488 442 2561 illi
477 2495 684 2586 regnarunt,
719 2484 902 2585 imperitia.
965 2484 1130 2571 Accedit,
1168 2481 1262 2581 quod
1299 2505 1429 2555 nonrrr
1468 2492 1504 2556 et
1541 2508 1811 2561 aoxnnsnrcnn

294 2609 415 2683 merita
436 2631 479 2681 ex
503 2605 746 2705 scriptionibus
771 2603 978 2705 cognovistis
1006 2603 1254 2703 discipulorum
1280 2602 1551 2702 eorumdemque
1576 2604 1613 2678 in
1639 2605 1813 2681 cathedra

293 2728 500 2803 Academica
529 2750 763 2801 successorum
790 2727 833 2819 ¹).
884 2722 1121 2803 Quamobrem
1155 2722 1204 2797 ita
1239 2721 1319 2821 pius
1344 2745 1427 2820 erga
1451 2722 1514 2796 hos
1539 2724 1610 2798 vita
1632 2724 1814 2801 defunctos

294 2847 454 2946 Collegae
477 2871 551 2921 esse
576 2846 698 2945 cupio,
724 2854 763 2919 ut
788 2871 885 2921 meae
909 2846 945 2920 in
971 2870 1030 2919 vos
1054 2843 1290 2919 observantiae
1313 2866 1358 2915 ne
1383 2841 1504 2917 desim.

344 2968 390 3039 Et
416 2965 520 3040 ambo
552 2965 691 3063 quidem
726 2965 1010 3044 desideratissimi
1035 2964 1098 3037 viri
1123 2963 1268 3037 honesto
1292 2986 1417 3061 genere
1441 2963 1528 3051 orti,
1553 2970 1665 3039 aetate
1687 2988 1814 3063 suppa·

295 3109 349 3158 res
375 3086 431 3174 ²),
463 3082 500 3156 in
531 3107 658 3183 magna
685 3082 815 3182 ingenii
845 3107 1051 3182 morumque
1078 3079 1360 3156 dissimilitudine
1382 3105 1444 3181 per
1463 3082 1719 3182 quinquaginta
1740 3110 1813 3159 am·

296 3203 386 3302 plius
412 3227 521 3277 annos
546 3228 586 3278 ea
608 3203 718 3278 iuneti
743 3212 825 3279 sunt
847 3203 1102 3290 familiaritate,
1128 3225 1234 3300 quam
1258 3225 1351 3274 mora
1377 3200 1548 3279 dissolvit.
1598 3203 1748 3301 Utrique
1771 3205 1817 3280 ad

297 3330 506 3399 senectutem
534 3323 717 3422 singularis
740 3322 808 3398 fuit
828 3321 985 3398 discendi
1009 3321 1105 3412 sitis,
1131 3344 1221 3417 quae
1247 3343 1356 3419 quum
1384 3320 1582 3396 domesticis
1604 3323 1730 3398 studiis
1758 3349 1816 3397 er·

297 3444 382 3544 pleri
402 3467 473 3517 non
496 3453 633 3542 posset,
656 3443 854 3542 frequentes
876 3441 921 3518 ab
942 3440 985 3516 iis
1010 3447 1191 3540 susceptae
1218 3449 1301 3514 sunt
1324 3439 1361 3513 in
1386 3441 1633 3516 remotissimas
1656 3443 1816 3542 Europae

296 3573 416 3640 terras,
431 3562 735 3663 peregrinationes.
786 3564 946 3641 Quarum
977 3560 1121 3660 quidam
1148 3557 1406 3659 opportunitate
1437 3560 1503 3634 atsi
1531 3567 1677 3660 uterque
1703 3586 1817 3638 mores

297 3683 478 3757 hominnm
506 3682 694 3757 multorum
715 3681 802 3756 vidit
824 3690 859 3758 et
882 3680 1005 3768 urbes,
1031 3679 1222 3778 disciplinis
1244 3688 1381 3768 tamen,
1406 3683 1815 3778 quaa'acxnnsnrcxrns

298 3802 423 3890 coluit,
459 3802 590 3878 factum
626 3827 701 3878 esse
733 3802 888 3888 videtur,
922 3809 963 3874 ut
993 3822 1151 3886 nonnro,
1181 3799 1390 3899 populorum
1415 3799 1599 3899 praecipue
1623 3799 1760 3900 linguas
1781 3816 1818 3877 et

300 3923 413 3997 literas
450 3931 486 3997 et
518 3921 822 4021 iurisprudentiam
856 3922 891 3994 in
925 3920 1108 3995 itineribus
1133 3919 1346 4018 exploranti,
1370 3921 1445 4019 ipse
1470 3945 1586 3996 rerum
1608 3921 1728 3996 eadem
1754 3946 1815 4020 op-

302 4041 511 4141 portunitate
532 4041 774 4140 indagaturum
794 4065 938 4116 numero
961 4049 997 4114 et
1018 4040 1178 4115 varietate
1201 4038 1294 4112 haud
1316 4038 1462 4115 cederet.
1476 4098 1482 4106 .
1495 4040 1814 4116 Aenasnrcrunu
1929 4097 1935 4100 -

343 4317 368 4393 ¹)
388 4337 416 4380 a.
433 4337 458 4380 r.
476 4336 504 4380 n.
521 4335 561 4380 nr
579 4335 675 4392 orna,
695 4317 749 4380 Mr.
762 4337 977 4382 aenomaus.
997 4353 1036 4366 -
1057 4321 1093 4381 0.
1114 4335 1175 4382 vau
1195 4335 1286 4390 nans,
1308 4319 1352 4378 De
1369 4305 1639 4394 umalappeliibs
1657 4321 1815 4380 wutron·

302 4415 366 4475 leid
388 4435 440 4476 ran
457 4414 513 4475 Mr.
534 4432 560 4476 r.
580 4431 782 4476 acnnnsnrox.
807 4449 848 4462 -
869 4417 968 4478 Pastas
984 4417 1012 4476 in
1033 4419 1122 4478 lucem
1137 4416 1296 4498 prodierunt
1312 4413 1505 4489 misici
1525 4431 1580 4474 ran
1599 4413 1817 4478 tunsurus

302 4525 492 4592 caruanruns
513 4525 640 4571 nonrrns
659 4509 728 4572 door
746 4529 771 4572 r.
790 4527 972 4572 arausicana
989 4528 1054 4572 nau.
1075 4531 1109 4574 en
1128 4511 1322 4586 temularict
1339 4529 1391 4570 ran
1408 4507 1465 4570 Mr.
1481 4511 1819 4574 rruaonrasnrcxdoor

306 4621 341 4666 w.
360 4623 385 4666 c.
408 4622 502 4676 uras,
523 4606 553 4665 in
576 4607 695 4668 Hmdel.
715 4607 763 4668 der
783 4607 995 4684 Mnctsclappii
1014 4627 1067 4668 aaa
1087 4610 1201 4668 Nederl.
1221 4606 1404 4668 aarum
1425 4607 1520 4677 lusa,
1540 4625 1570 4686 p.
1592 4610 1628 4666 85
1649 4611 1678 4667 et
1699 4611 1767 4666 285.

343 4699 368 4778 ²)
389 4701 545 4760 Anamuns
553 4719 743 4762 carnaaruns
753 4697 1352 4775 nonrrba,Koudekeric·Hollendus,natns
1359 4697 1435 4761 estd.
1443 4717 1503 4762 xm
1510 4699 1574 4761 Oct
1582 4716 1817 4760 crorcccnxxxvr.

304 4795 395 4856 Issus
423 4813 633 4870 acuaasnrcn,
662 4797 893 4876 Sylruducensis,
917 4802 998 4860 natus
1022 4805 1064 4860 est
1090 4799 1118 4860 d.
1146 4815 1214 4862 xm
1242 4797 1306 4858 Oet.
1326 4811 1487 4858 cmrseoxc.
1527 4794 1608 4856 Obiit
1625 4795 1673 4854 ille
1692 4792 1720 4854 d.
1742 4811 1817 4855 xxrx

306 4890 398 4951 itacui
420 4909 619 4964 crsrooocnxr,
640 4893 686 4954 hic
705 4895 733 4958 d.
754 4911 814 4957 xrn
832 4894 899 4957 Iulii
918 4911 1108 4958 cromccmnn
