4967 6175
925 667 1204 735 orario,
1787 612 1877 735 23⁵

298 876 454 953 minimis
487 898 594 975 quam
626 874 805 963 maximis,
840 898 1025 951 causarum
1059 876 1274 951 continuatio
1303 878 1395 951 adsit
1421 900 1594 976 nusquam
1622 876 1824 975 interrupta

297 998 375 1087 Qua
411 995 456 1070 da
490 1018 527 1070 ra
559 994 678 1069 nivel
707 994 852 1071 minima
881 994 1055 1070 dubitatio
1076 1005 1290 1093 superesset,
1314 1019 1417 1071 nemo
1438 1020 1521 1071 sane
1544 996 1701 1071 animum
1722 996 1824 1071 indu·

296 1123 389 1191 caret
419 1115 595 1215 explorare
625 1114 742 1214 leges,
777 1115 907 1215 quibus
930 1123 1119 1215 tempestas
1142 1114 1307 1189 adstricta
1329 1114 1395 1203 ait,
1427 1117 1557 1217 quippe
1579 1116 1680 1191 cuius
1706 1116 1824 1191 incon·

296 1233 424 1311 amatia
446 1244 482 1308 et
502 1232 716 1311 mutabilitas
738 1233 775 1309 in
799 1235 1021 1333 pmverbium
1047 1234 1219 1310 abierunt.
1276 1234 1380 1325 Quod
1404 1235 1434 1310 si
1457 1236 1585 1311 frustra
1609 1237 1725 1326 fieret,
1749 1236 1825 1336 ipse

295 1353 400 1429 etiarn
433 1362 578 1429 conatus
611 1352 883 1443 demonstraret,
914 1380 1020 1455 quam
1051 1354 1120 1431 alta
1142 1354 1323 1429 hominum
1347 1355 1526 1429 mentibus
1547 1354 1654 1430 infixa
1679 1356 1725 1429 sit
1746 1380 1824 1456 per·

297 1473 413 1549 suasio
437 1475 481 1549 de
503 1475 666 1550 ordinum
685 1475 721 1550 in
745 1500 860 1551 rernm
878 1484 1002 1551 natura
1022 1474 1232 1562 constantia,
1258 1475 1295 1549 in
1317 1499 1388 1573 qna
1410 1475 1498 1550 nihil
1518 1474 1565 1550 sit
1582 1474 1824 1565 temerarium,

294 1592 382 1669 nihil
417 1593 572 1682 adrium,
608 1594 696 1669 nihil
728 1594 922 1671 fortuitum.
978 1596 1028 1669 At
1063 1619 1165 1669 nemo
1193 1594 1357 1694 negabit,
1385 1596 1527 1695 opinor,
1560 1594 1616 1669 his
1640 1594 1823 1671 conatibus

293 1712 364 1787 iam
398 1713 448 1788 ita
483 1714 700 1812 respondisse
730 1723 914 1803 eventum,
951 1723 991 1788 nt
1024 1716 1126 1814 plane
1156 1716 1359 1789 confirmata
1386 1716 1432 1789 ait
1461 1715 1555 1790 unde
1575 1715 1720 1816 proiecti
1741 1724 1824 1791 sunt

293 1832 479 1931 persuasio.
530 1833 628 1906 Hanc
665 1841 782 1908 autem
818 1856 899 1907 oum
933 1841 1138 1931 argumento
1171 1842 1290 1907 nostro
1320 1834 1511 1909 arctissime
1544 1834 1724 1931 cohaerere
1755 1834 1823 1936 ipsi

292 1950 598 2027 animadvertistis.
650 1952 749 2027 Deus
782 1951 876 2027 eninr
908 1952 938 2026 si
971 1953 1165 2027 censendus
1203 1951 1257 2026 est
1287 1951 1337 2028 ibi
1370 1960 1507 2027 tantum
1544 1962 1606 2027 aut
1639 1954 1822 2054 praecipue

291 2070 444 2173 operari,
471 2070 533 2145 ubi
554 2071 827 2171 interrumpatur
847 2096 1031 2148 causarum
1058 2097 1190 2159 nexus,
1216 2080 1280 2146 ant
1306 2071 1464 2171 specialia
1484 2098 1518 2171 q.
1545 2072 1580 2146 d.
1607 2072 1822 2149 interventus

290 2190 510 2277 observetur,
535 2191 738 2292 disciplinae
760 2192 921 2291 physicae
942 2217 983 2267 ao
1003 2192 1172 2281 tendunt,
1190 2200 1231 2266 ut
1251 2193 1367 2266 Deum
1391 2216 1545 2267 ererum
1567 2201 1691 2268 natura
1715 2192 1822 2269 veluti

291 2310 481 2409 expellant3
508 2311 645 2410 singula
671 2336 790 2387 earnm
814 2311 954 2387 inventa
975 2310 1178 2385 arctioribus
1202 2310 1333 2384 finibus
1350 2309 1820 2411 circumscribuntcampum

290 2427 389 2504 illum
415 2430 646 2521 latissimum,
672 2456 778 2530 quern
804 2431 951 2507 maiores
972 2431 1081 2506 nostri
1101 2411 1228 2505 actioni
1251 2431 1406 2518 divinae,
1432 2431 1482 2504 sio
1502 2439 1678 2530 acceptae,
1702 2441 1820 2530 patere

288 2548 541 2647 opinabantur3
574 2550 661 2649 quin
690 2576 732 2625 eo
755 2552 896 2627 tandem
923 2550 1158 2652 pervenietur,
1185 2560 1223 2624 ut
1252 2574 1427 2650 nusquam
1450 2550 1488 2625 in
1510 2576 1627 2626 rerum
1652 2550 1818 2627 universi·

287 2674 359 2742 tate
389 2668 526 2743 divinae
560 2694 663 2746 curae
697 2672 792 2746 locus
821 2671 980 2770 supersit.
1039 2670 1172 2762 Quodsi
1192 2670 1314 2770 religio
1336 2672 1509 2770 postulat,
1535 2680 1576 2745 nt
1599 2696 1676 2746 eam
1698 2695 1818 2747 curam

286 2786 402 2861 ubivis
432 2789 712 2888 contemplemur
745 2798 855 2889 utque
887 2789 1004 2865 omnia
1036 2798 1072 2863 et
1099 2789 1253 2888 singula,
1288 2814 1378 2888 quae
1408 2800 1481 2864 tam
1507 2792 1544 2865 in
1569 2791 1653 2865 orbe
1675 2790 1819 2889 physion

287 2931 394 3005 quam
431 2906 468 2981 in
505 2908 642 3006 generis
678 2908 823 2983 hnmani
857 2907 1001 2982 historia
1032 2916 1068 2981 et
1102 2918 1220 2983 nostra
1258 2908 1329 2983 vita
1363 2910 1474 2996 fiunt,
1509 2909 1586 2982 Deo
1622 2909 1818 2984 tribuamus

285 3026 438 3114 auctori,
476 3026 564 3101 nihil
601 3026 697 3102 aliud
728 3027 830 3100 nobis
863 3033 990 3114 restat,
1028 3050 1133 3124 quam
1167 3036 1207 3100 nt
1240 3027 1278 3100 in
1315 3027 1466 3102 naturali
1494 3051 1611 3102 rarum
1638 3028 1760 3103 ordina
1780 3036 1816 3104 at

283 3145 582 3243 coagmentatione
614 3146 682 3221 Dei
718 3145 825 3222 vitam
858 3153 894 3220 at
927 3154 1132 3245 perpetuam
1165 3146 1267 3220 Illius
1300 3145 1613 3221 manifestationem
1646 3171 1813 3247 agnosca·

283 3289 373 3340 mna.
423 3265 526 3355 Quod
557 3265 620 3364 qui
649 3265 751 3340 nobis
785 3265 977 3364 denegant,
1011 3266 1292 3340 communionem
1318 3265 1410 3340 inter
1435 3266 1552 3340 Deum
1575 3275 1611 3340 et
1637 3265 1813 3341 hominem

283 3385 412 3460 tollunt
435 3393 540 3484 atqua
565 3385 723 3485 religioni
747 3407 825 3459 vera
851 3384 899 3458 sio
924 3385 1038 3460 dictae
1062 3410 1184 3460 nervos
1209 3384 1405 3461 succidunt.

333 3503 469 3579 Videtis
502 3503 664 3580 historiae
691 3513 727 3580 et
750 3505 1010 3604 disciplinarum
1034 3505 1244 3580 naturalium
1269 3505 1387 3580 studia
1409 3530 1515 3604 quam
1541 3505 1650 3582 amice
1676 3508 1811 3606 conspi-

282 3626 378 3702 rent!
438 3625 714 3701 Praeclarissima
746 3651 904 3726 quaeque
933 3652 954 3701 a
979 3626 1117 3726 populis
1140 3626 1294 3725 antiquis
1317 3626 1362 3700 de
1383 3627 1459 3700 Deo
1484 3626 1659 3725 rebusque
1685 3627 1812 3702 divinis

282 3746 414 3844 prolata
444 3745 613 3834 Numini,
648 3745 796 3820 mirabili
830 3772 953 3846 prosus
987 3747 1091 3822 modo
1123 3744 1370 3834 intercedenti,
1395 3770 1499 3820 nemo
1522 3745 1672 3835 tribuet,
1697 3771 1811 3846 neque

282 3864 343 3938 obi
376 3864 443 3964 ipsi
475 3865 643 3964 originem
681 3864 834 3941 humana
862 3868 1025 3942 maiorem
1050 3891 1131 3966 prae
1155 3891 1192 3940 aa
1214 3865 1351 3952 lerunt,
1375 3867 1482 3940 fidam
1505 3865 1548 3940 iis
1572 3866 1699 3942 habere
1722 3867 1809 3942 sole·

281 4007 370 4060 mus.
421 3986 496 4060 Neo
527 3995 644 4060 umen
665 3995 846 4086 propterea
871 3986 945 4060 sine
969 3987 1039 4061 ullo
1065 3985 1127 4072 Dei
1151 3985 1272 4060 afflatu
1294 4010 1335 4060 ea
1358 3994 1393 4059 et
1415 3995 1491 4060 orta
1513 3994 1549 4061 et
1574 3986 1711 4062 exculta
1733 4011 1808 4061 esse

281 4102 379 4178 facile
403 4105 482 4202 quis
505 4104 572 4178 sibi
596 4104 829 4204 persuadebit.
880 4105 982 4181 Hane
1006 4129 1145 4205 qnoque
1168 4105 1407 4180 difficultatem
1434 4105 1523 4179 tollit
1545 4107 1666 4180 eadem
1687 4129 1806 4204 opera·

280 4220 386 4296 tionis
415 4231 452 4297 et
482 4225 698 4300 revelationis
720 4225 856 4300 divinae
879 4227 993 4314 notio,
1019 4251 1124 4325 quam
1150 4225 1351 4324 disciplinae
1379 4223 1541 4323 physicae
1562 4225 1807 4299 commendant

281 4342 334 4416 vel
369 4343 485 4442 potius
512 4343 681 4442 flagitant.
732 4346 1039 4424 Quemadmodum
1067 4346 1230 4421 materiae
1254 4345 1474 4444 legibusque,
1501 4344 1630 4444 quibus
1654 4368 1695 4418 aa
1714 4343 1804 4444 regi·
1928 4423 1935 4438 ,

278 4469 358 4552 tur,
395 4487 464 4538 non
500 4465 727 4564 opponendus
756 4466 875 4554 Deus,
906 4466 967 4540 sed
1001 4489 1063 4565 per
1089 4491 1165 4541 eam
1190 4467 1291 4564 quasi
1313 4465 1485 4566 pertinere
1510 4464 1704 4540 censendus
1729 4473 1804 4542 ast,

279 4581 329 4656 aio
358 4583 493 4682 generis
524 4583 668 4660 hnmani
690 4585 833 4661 historia
857 4609 928 4660 non
954 4585 1010 4660 hio
1033 4585 1102 4662 illic
1127 4595 1289 4686 agentem
1315 4585 1452 4661 inducit
1476 4586 1611 4674 Deunm
1637 4585 1698 4660 aad
1723 4606 1801 4684 per·

276 4712 383 4800 petua
412 4712 466 4777 est
500 4703 567 4778 Dei
597 4705 848 4794 manifestatio,
882 4706 918 4781 in
953 4705 1028 4806 ipso
1053 4705 1258 4782 facultatum
1284 4706 1517 4781 humanarum
1538 4705 1637 4781 cultu
1662 4713 1698 4779 et
1722 4729 1799 4803 par-
1945 4727 1948 4735 ·

275 4831 381 4918 patna
407 4820 634 4898 humanitatis
656 4822 892 4924 progressione
916 4825 1109 4931 conspicua.
1159 4823 1300 4900 Variam
1327 4850 1403 4901 esse
1428 4826 1517 4901 hanc
1542 4823 1610 4919 Dei
1631 4822 1799 4923 operatio·
