<?xml version="1.0" encoding="UTF-8"?>
<!DOCTYPE html PUBLIC "-//W3C//DTD XHTML 1.0 Transitional//EN"
    "http://www.w3.org/TR/xhtml1/DTD/xhtml1-transitional.dtd">
<html xmlns="http://www.w3.org/1999/xhtml" xml:lang="en" lang="en">
 <head>
  <title>
</title>
<meta http-equiv="Content-Type" content="text/html;charset=utf-8" />
  <meta name='ocr-system' content='tesseract 3.04.00' />
  <meta name='ocr-capabilities' content='ocr_page ocr_carea ocr_par ocr_line ocrx_word'/>
</head>
<body>
  <div class='ocr_page' id='page_1' title='image "annalesacademic09unkngoog_0126.png"; bbox 0 0 4967 6175; ppageno 0'>
   <div class='ocr_carea' id='block_1_1' title="bbox 1056 1395 1903 1511">
    <p class='ocr_par' dir='ltr' id='par_1_1' title="bbox 1056 1395 1903 1511">
     <span class='ocr_line' id='line_1_1' title="bbox 1056 1395 1903 1511; baseline 0.001 -2"><span class='ocrx_word' id='word_1_1' title='bbox 1056 1395 1456 1511; x_wconf 77' lang='lat' dir='ltr'><strong>ACTAIN</strong></span> <span class='ocrx_word' id='word_1_2' title='bbox 1515 1395 1903 1511; x_wconf 77' lang='lat' dir='ltr'><strong>SENATU</strong></span> 
     </span>
    </p>
   </div>
   <div class='ocr_carea' id='block_1_2' title="bbox 1167 1742 1795 1817">
    <p class='ocr_par' dir='ltr' id='par_1_2' title="bbox 1167 1742 1795 1817">
     <span class='ocr_line' id='line_1_2' title="bbox 1167 1742 1795 1817; baseline -0.006 -11"><span class='ocrx_word' id='word_1_3' title='bbox 1167 1748 1202 1806; x_wconf 79' lang='lat' dir='ltr'><strong>A.</strong></span> <span class='ocrx_word' id='word_1_4' title='bbox 1224 1742 1795 1817; x_wconf 72' lang='lat' dir='ltr'><strong>crolocccun-clolocccnxn,</strong></span> 
     </span>
    </p>
   </div>
   <div class='ocr_carea' id='block_1_3' title="bbox 814 2057 2145 2302">
    <p class='ocr_par' dir='ltr' id='par_1_3' title="bbox 814 2057 2145 2302">
     <span class='ocr_line' id='line_1_3' title="bbox 814 2057 2145 2139; baseline 0.005 -6"><span class='ocrx_word' id='word_1_5' title='bbox 814 2057 990 2134; x_wconf 83' lang='lat' dir='ltr'><strong>chronn</strong></span> <span class='ocrx_word' id='word_1_6' title='bbox 1008 2061 1225 2137; x_wconf 81' lang='lat' dir='ltr'><strong>Mrcnrrrco</strong></span> <span class='ocrx_word' id='word_1_7' title='bbox 1250 2061 1435 2137; x_wconf 85' lang='lat' dir='ltr'>IAGOBO</span> <span class='ocrx_word' id='word_1_8' title='bbox 1459 2059 1690 2136; x_wconf 82' lang='lat' dir='ltr'>ADOLPHO</span> <span class='ocrx_word' id='word_1_9' title='bbox 1716 2059 1915 2136; x_wconf 69' lang='lat' dir='ltr'><strong>canoro</strong></span> <span class='ocrx_word' id='word_1_10' title='bbox 1939 2060 2145 2139; x_wconf 83' lang='lat' dir='ltr'>ROVERS.</span> 
     </span>
     <span class='ocr_line' id='line_1_4' title="bbox 1030 2224 1922 2302; baseline 0.002 -4"><span class='ocrx_word' id='word_1_11' title='bbox 1030 2224 1272 2302; x_wconf 74' lang='lat' dir='ltr'><strong>Garrumnro</strong></span> <span class='ocrx_word' id='word_1_12' title='bbox 1296 2224 1482 2300; x_wconf 85' lang='grc' dir='ltr'><strong>ΙΑΟΟΒΟ</strong></span> <span class='ocrx_word' id='word_1_13' title='bbox 1507 2225 1732 2300; x_wconf 78' lang='lat' dir='ltr'><strong>ANTONIO</strong></span> <span class='ocrx_word' id='word_1_14' title='bbox 1757 2225 1922 2300; x_wconf 87' lang='lat' dir='ltr'><strong>FRUIN.</strong></span> 
     </span>
    </p>
   </div>
   <div class='ocr_carea' id='block_1_4' title="bbox 714 2943 2333 3886">
    <p class='ocr_par' dir='ltr' id='par_1_4' title="bbox 714 2943 2333 3886">
     <span class='ocr_line' id='line_1_5' title="bbox 714 2943 2245 3025; baseline -0.001 -6"><span class='ocrx_word' id='word_1_15' title='bbox 714 2943 782 3020; x_wconf 90' lang='lat' dir='ltr'><strong>Die</strong></span> <span class='ocrx_word' id='word_1_16' title='bbox 806 2947 853 3020; x_wconf 78' lang='lat'><strong>22</strong></span> <span class='ocrx_word' id='word_1_17' title='bbox 878 2969 926 3020; x_wconf 92' lang='lat' dir='ltr'><strong>m.</strong></span> <span class='ocrx_word' id='word_1_18' title='bbox 952 2946 1085 3023; x_wconf 87' lang='lat' dir='ltr'><strong>Martii.</strong></span> <span class='ocrx_word' id='word_1_19' title='bbox 1138 2949 1194 3025; x_wconf 82' lang='lat' dir='ltr'><strong>Ex</strong></span> <span class='ocrx_word' id='word_1_20' title='bbox 1228 2949 1439 3024; x_wconf 74' lang='lat' dir='ltr'><strong>Cumarum</strong></span> <span class='ocrx_word' id='word_1_21' title='bbox 1471 2948 1609 3024; x_wconf 89' lang='lat' dir='ltr'><strong>decreto</strong></span> <span class='ocrx_word' id='word_1_22' title='bbox 1639 2949 1675 3023; x_wconf 93' lang='lat' dir='ltr'><strong>in</strong></span> <span class='ocrx_word' id='word_1_23' title='bbox 1701 2950 1795 3024; x_wconf 92' lang='lat' dir='ltr'><strong>hunc</strong></span> <span class='ocrx_word' id='word_1_24' title='bbox 1817 2947 1912 3024; x_wconf 88' lang='lat' dir='ltr'><strong>diem</strong></span> <span class='ocrx_word' id='word_1_25' title='bbox 1938 2947 2169 3023; x_wconf 89' lang='lat' dir='ltr'><strong>constitutum</strong></span> <span class='ocrx_word' id='word_1_26' title='bbox 2193 2949 2245 3019; x_wconf 83' lang='lat' dir='ltr'><strong>est</strong></span> 
     </span>
     <span class='ocr_line' id='line_1_6' title="bbox 886 3064 2244 3167; baseline -0.001 -26"><span class='ocrx_word' id='word_1_27' title='bbox 886 3064 1098 3143; x_wconf 78' lang='lat' dir='ltr'><strong>Academiae</strong></span> <span class='ocrx_word' id='word_1_28' title='bbox 1140 3067 1283 3144; x_wconf 79' lang='lat' dir='ltr'><strong>festum.</strong></span> <span class='ocrx_word' id='word_1_29' title='bbox 1345 3067 1474 3143; x_wconf 87' lang='lat' dir='ltr'><strong>Rector</strong></span> <span class='ocrx_word' id='word_1_30' title='bbox 1515 3067 1751 3167; x_wconf 80' lang='lat' dir='ltr'><strong>Magnificus,</strong></span> <span class='ocrx_word' id='word_1_31' title='bbox 1798 3091 2022 3144; x_wconf 78' lang='lat' dir='ltr'><strong>summamus</strong></span> <span class='ocrx_word' id='word_1_32' title='bbox 2062 3089 2244 3143; x_wconf 83' lang='lat' dir='ltr'><strong>aronorus</strong></span> 
     </span>
     <span class='ocr_line' id='line_1_7' title="bbox 886 3184 2245 3284; baseline -0.001 -23"><span class='ocrx_word' id='word_1_33' title='bbox 886 3208 1053 3277; x_wconf 72' lang='lat' dir='ltr'><strong>vamur,</strong></span> <span class='ocrx_word' id='word_1_34' title='bbox 1088 3212 1110 3262; x_wconf 88' lang='lat' dir='ltr'><strong>a</strong></span> <span class='ocrx_word' id='word_1_35' title='bbox 1139 3187 1273 3262; x_wconf 85' lang='lat' dir='ltr'><strong>Senatu</strong></span> <span class='ocrx_word' id='word_1_36' title='bbox 1300 3184 1527 3284; x_wconf 67' lang='lat' dir='ltr'><strong>Ammissimo</strong></span> <span class='ocrx_word' id='word_1_37' title='bbox 1558 3186 1595 3260; x_wconf 90' lang='lat' dir='ltr'><strong>in</strong></span> <span class='ocrx_word' id='word_1_38' title='bbox 1630 3184 1842 3261; x_wconf 77' lang='lat' dir='ltr'>cathedram</span> <span class='ocrx_word' id='word_1_39' title='bbox 1868 3185 2015 3274; x_wconf 87' lang='lat' dir='ltr'><strong>ductus,</strong></span> <span class='ocrx_word' id='word_1_40' title='bbox 2040 3184 2245 3260; x_wconf 81' lang='lat' dir='ltr'>Orationem</span> 
     </span>
     <span class='ocr_line' id='line_1_8' title="bbox 887 3304 2246 3406; baseline -0.002 -25"><span class='ocrx_word' id='word_1_41' title='bbox 887 3304 995 3382; x_wconf 88' lang='lat' dir='ltr'><strong>habet</strong></span> <span class='ocrx_word' id='word_1_42' title='bbox 1032 3308 1074 3383; x_wconf 85' lang='lat' dir='ltr'><strong>de</strong></span> <span class='ocrx_word' id='word_1_43' title='bbox 1111 3307 1210 3383; x_wconf 80' lang='lat' dir='ltr'><strong>Iuris</strong></span> <span class='ocrx_word' id='word_1_44' title='bbox 1238 3307 1373 3405; x_wconf 75' lang='lat' dir='ltr'><strong>publici</strong></span> <span class='ocrx_word' id='word_1_45' title='bbox 1414 3313 1450 3381; x_wconf 85' lang='lat' dir='ltr'><strong>ct</strong></span> <span class='ocrx_word' id='word_1_46' title='bbox 1474 3307 1626 3406; x_wconf 59' lang='lat' dir='ltr'><strong>centiam</strong></span> <span class='ocrx_word' id='word_1_47' title='bbox 1649 3308 1849 3404; x_wconf 72' lang='lat' dir='ltr'><strong>praeceptis</strong></span> <span class='ocrx_word' id='word_1_48' title='bbox 1876 3333 1899 3380; x_wconf 89' lang='lat' dir='ltr'><strong>a</strong></span> <span class='ocrx_word' id='word_1_49' title='bbox 1925 3306 2054 3381; x_wconf 81' lang='lat' dir='ltr'><em>liberae</em></span> <span class='ocrx_word' id='word_1_50' title='bbox 2081 3305 2246 3404; x_wconf 63' lang='lat' dir='ltr'><strong>Eurqrae</strong></span> 
     </span>
     <span class='ocr_line' id='line_1_9' title="bbox 895 3427 2333 3523; baseline -0.005 -20"><span class='ocrx_word' id='word_1_51' title='bbox 895 3428 1099 3503; x_wconf 82' lang='lat' dir='ltr'><strong>Oivitatibaa</strong></span> <span class='ocrx_word' id='word_1_52' title='bbox 1135 3429 1297 3503; x_wconf 68' lang='lat' dir='ltr'><strong>adrasus</strong></span> <span class='ocrx_word' id='word_1_53' title='bbox 1333 3429 1398 3501; x_wconf 81' lang='lat' dir='ltr'><strong>uim</strong></span> <span class='ocrx_word' id='word_1_54' title='bbox 1439 3451 1480 3500; x_wconf 82' lang='lat' dir='ltr'><strong>aa</strong></span> <span class='ocrx_word' id='word_1_55' title='bbox 1517 3427 1626 3500; x_wconf 79' lang='lat' dir='ltr'><strong>dolum</strong></span> <span class='ocrx_word' id='word_1_56' title='bbox 1654 3428 1884 3523; x_wconf 76' lang='lat' dir='ltr'><strong>potentiorum</strong></span> <span class='ocrx_word' id='word_1_57' title='bbox 1913 3428 2063 3521; x_wconf 83' lang='lat' dir='ltr'><strong>fortiter</strong></span> <span class='ocrx_word' id='word_1_58' title='bbox 2092 3427 2244 3500; x_wconf 75' lang='lat' dir='ltr'><strong>tuendis:</strong></span> <span class='ocrx_word' id='word_1_59' title='bbox 2328 3476 2333 3488; x_wconf 80' lang='grc'>.</span> 
     </span>
     <span class='ocr_line' id='line_1_10' title="bbox 890 3542 2243 3646; baseline -0.003 -25"><span class='ocrx_word' id='word_1_60' title='bbox 890 3546 1101 3622; x_wconf 78' lang='lat' dir='ltr'><strong>Academiae</strong></span> <span class='ocrx_word' id='word_1_61' title='bbox 1135 3546 1207 3623; x_wconf 82' lang='lat' dir='ltr'><strong>sets</strong></span> <span class='ocrx_word' id='word_1_62' title='bbox 1237 3555 1392 3634; x_wconf 88' lang='lat' dir='ltr'><strong>enarrat,</strong></span> <span class='ocrx_word' id='word_1_63' title='bbox 1417 3553 1453 3619; x_wconf 90' lang='lat' dir='ltr'><strong>et</strong></span> <span class='ocrx_word' id='word_1_64' title='bbox 1483 3545 1702 3645; x_wconf 78' lang='lat' dir='ltr'><strong>quaestiones</strong></span> <span class='ocrx_word' id='word_1_65' title='bbox 1733 3570 1755 3620; x_wconf 90' lang='lat' dir='ltr'><strong>a</strong></span> <span class='ocrx_word' id='word_1_66' title='bbox 1786 3544 1932 3646; x_wconf 77' lang='lat' dir='ltr'><strong>singulis</strong></span> <span class='ocrx_word' id='word_1_67' title='bbox 1955 3542 2147 3620; x_wconf 80' lang='lat' dir='ltr'><strong>Ordinibus</strong></span> <span class='ocrx_word' id='word_1_68' title='bbox 2167 3568 2243 3643; x_wconf 83' lang='lat' dir='ltr'><strong>pro</strong></span> 
     </span>
     <span class='ocr_line' id='line_1_11' title="bbox 891 3664 2242 3765; baseline -0.003 -24"><span class='ocrx_word' id='word_1_69' title='bbox 891 3666 1022 3765; x_wconf 86' lang='lat' dir='ltr'><strong>positas</strong></span> <span class='ocrx_word' id='word_1_70' title='bbox 1042 3667 1263 3765; x_wconf 78' lang='lat' dir='ltr'><strong>promulgat,</strong></span> <span class='ocrx_word' id='word_1_71' title='bbox 1284 3666 1496 3764; x_wconf 80' lang='lat' dir='ltr'><strong>tandemque</strong></span> <span class='ocrx_word' id='word_1_72' title='bbox 1518 3664 1767 3765; x_wconf 82' lang='lat' dir='ltr'><strong>Magistratum</strong></span> <span class='ocrx_word' id='word_1_73' title='bbox 1786 3664 1929 3765; x_wconf 88' lang='lat' dir='ltr'><strong>deponit</strong></span> <span class='ocrx_word' id='word_1_74' title='bbox 1952 3673 1988 3740; x_wconf 88' lang='lat' dir='ltr'><strong>et</strong></span> <span class='ocrx_word' id='word_1_75' title='bbox 2015 3688 2242 3740; x_wconf 79' lang='lat' dir='ltr'><strong>successorem</strong></span> 
     </span>
     <span class='ocr_line' id='line_1_12' title="bbox 893 3783 2100 3886; baseline 0.001 -26"><span class='ocrx_word' id='word_1_76' title='bbox 893 3783 960 3860; x_wconf 91' lang='lat' dir='ltr'><strong>sibi</strong></span> <span class='ocrx_word' id='word_1_77' title='bbox 992 3784 1133 3886; x_wconf 78' lang='lat' dir='ltr'><strong>aRege</strong></span> <span class='ocrx_word' id='word_1_78' title='bbox 1158 3786 1281 3861; x_wconf 87' lang='lat' dir='ltr'><strong>datum</strong></span> <span class='ocrx_word' id='word_1_79' title='bbox 1305 3785 1486 3862; x_wconf 89' lang='lat' dir='ltr'><strong>renunciat</strong></span> <span class='ocrx_word' id='word_1_80' title='bbox 1509 3785 1635 3859; x_wconf 89' lang='lat' dir='ltr'><strong>Virum</strong></span> <span class='ocrx_word' id='word_1_81' title='bbox 1663 3784 1755 3861; x_wconf 82' lang='lat' dir='ltr'><strong>Olor.</strong></span> <span class='ocrx_word' id='word_1_82' title='bbox 1781 3810 1806 3861; x_wconf 92' lang='lat'><strong>1.</strong></span> <span class='ocrx_word' id='word_1_83' title='bbox 1831 3810 1866 3861; x_wconf 79' lang='lat' dir='ltr'><strong>s.</strong></span> <span class='ocrx_word' id='word_1_84' title='bbox 1891 3810 1923 3862; x_wconf 87' lang='lat' dir='ltr'><strong>o.</strong></span> <span class='ocrx_word' id='word_1_85' title='bbox 1948 3807 2100 3861; x_wconf 82' lang='lat' dir='ltr'><strong>rovrae.</strong></span> 
     </span>
    </p>
   </div>
   <div class='ocr_carea' id='block_1_5' title="bbox 887 4068 2156 4867">
    <p class='ocr_par' dir='ltr' id='par_1_5' title="bbox 887 4068 2156 4867">
     <span class='ocr_line' id='line_1_13' title="bbox 938 4068 1650 4146; baseline -0.001 -3"><span class='ocrx_word' id='word_1_86' title='bbox 938 4069 992 4143; x_wconf 82' lang='lat' dir='ltr'><strong>Ex</strong></span> <span class='ocrx_word' id='word_1_87' title='bbox 1019 4070 1228 4146; x_wconf 82' lang='lat' dir='ltr'><strong>Cunctorum</strong></span> <span class='ocrx_word' id='word_1_88' title='bbox 1257 4070 1394 4145; x_wconf 89' lang='lat' dir='ltr'><strong>decreto</strong></span> <span class='ocrx_word' id='word_1_89' title='bbox 1415 4068 1650 4145; x_wconf 87' lang='lat' dir='ltr'><strong>declarantur:</strong></span> 
     </span>
     <span class='ocr_line' id='line_1_14' title="bbox 985 4188 1878 4290; baseline -0.004 -27"><span class='ocrx_word' id='word_1_90' title='bbox 985 4189 1134 4274; x_wconf 80' lang='lat' dir='ltr'><strong>Senatus</strong></span> <span class='ocrx_word' id='word_1_91' title='bbox 1157 4190 1403 4290; x_wconf 85' lang='lat' dir='ltr'><strong>Graphiarins:</strong></span> <span class='ocrx_word' id='word_1_92' title='bbox 1432 4189 1488 4263; x_wconf 89' lang='lat' dir='ltr'><strong>Vir</strong></span> <span class='ocrx_word' id='word_1_93' title='bbox 1514 4188 1605 4264; x_wconf 84' lang='lat' dir='ltr'><strong>Olar.</strong></span> <span class='ocrx_word' id='word_1_94' title='bbox 1631 4210 1657 4262; x_wconf 93' lang='lat'><strong>1.</strong></span> <span class='ocrx_word' id='word_1_95' title='bbox 1684 4212 1719 4262; x_wconf 76' lang='lat' dir='ltr'><strong>n.</strong></span> <span class='ocrx_word' id='word_1_96' title='bbox 1745 4209 1878 4275; x_wconf 84' lang='lat' dir='ltr'><strong>rnurn,</strong></span> 
     </span>
     <span class='ocr_line' id='line_1_15' title="bbox 983 4308 1203 4385; baseline 0.009 -4"><span class='ocrx_word' id='word_1_97' title='bbox 983 4308 1203 4385; x_wconf 71' lang='lat' dir='ltr'><strong>decessores:</strong></span> 
     </span>
     <span class='ocr_line' id='line_1_16' title="bbox 887 4426 2156 4515; baseline 0.003 -15"><span class='ocrx_word' id='word_1_98' title='bbox 887 4426 942 4501; x_wconf 81' lang='lat' dir='ltr'><strong>Ex</strong></span> <span class='ocrx_word' id='word_1_99' title='bbox 967 4426 1099 4502; x_wconf 91' lang='lat' dir='ltr'><strong>Ordine</strong></span> <span class='ocrx_word' id='word_1_100' title='bbox 1123 4428 1346 4503; x_wconf 88' lang='lat' dir='ltr'><strong>Medicorum</strong></span> <span class='ocrx_word' id='word_1_101' title='bbox 1475 4428 1539 4502; x_wconf 89' lang='lat' dir='ltr'><strong>Vir</strong></span> <span class='ocrx_word' id='word_1_102' title='bbox 1562 4428 1654 4504; x_wconf 84' lang='lat' dir='ltr'><strong>Olor.</strong></span> <span class='ocrx_word' id='word_1_103' title='bbox 1680 4450 1713 4501; x_wconf 81' lang='lat' dir='ltr'><strong>n.</strong></span> <span class='ocrx_word' id='word_1_104' title='bbox 1740 4430 1773 4502; x_wconf 69' lang='lat' dir='ltr'><strong>e}</strong></span> <span class='ocrx_word' id='word_1_105' title='bbox 1799 4448 1873 4499; x_wconf 75' lang='lat' dir='ltr'><strong>vsu</strong></span> <span class='ocrx_word' id='word_1_106' title='bbox 1900 4446 2156 4515; x_wconf 63' lang='lat' dir='ltr'><strong>coenonema„</strong></span> 
     </span>
     <span class='ocr_line' id='line_1_17' title="bbox 988 4546 1872 4635; baseline 0.005 -20"><span class='ocrx_word' id='word_1_107' title='bbox 988 4576 1007 4615; x_wconf 97' lang='grc' dir='ltr'><strong>ιι</strong></span> <span class='ocrx_word' id='word_1_108' title='bbox 1125 4546 1454 4622; x_wconf 89' lang='lat' dir='ltr'><strong>Mathematicorum</strong></span> <span class='ocrx_word' id='word_1_109' title='bbox 1554 4578 1572 4617; x_wconf 93' lang='grc' dir='ltr'><em>ι</em></span> <span class='ocrx_word' id='word_1_110' title='bbox 1681 4570 1722 4621; x_wconf 80' lang='lat' dir='ltr'><strong>u.</strong></span> <span class='ocrx_word' id='word_1_111' title='bbox 1749 4567 1872 4635; x_wconf 80' lang='lat' dir='ltr'><strong>nourr,</strong></span> 
     </span>
     <span class='ocr_line' id='line_1_18' title="bbox 992 4664 1963 4765; baseline 0.005 -31"><span class='ocrx_word' id='word_1_112' title='bbox 992 4695 1009 4735; x_wconf 94' lang='grc' dir='ltr'><strong>ιι</strong></span> <span class='ocrx_word' id='word_1_113' title='bbox 1126 4664 1378 4765; x_wconf 82' lang='lat' dir='ltr'><strong>Theologorum</strong></span> <span class='ocrx_word' id='word_1_114' title='bbox 1552 4696 1571 4735; x_wconf 91' lang='grc' dir='ltr'><em>ι</em></span> <span class='ocrx_word' id='word_1_115' title='bbox 1683 4689 1717 4740; x_wconf 84' lang='lat' dir='ltr'><strong>n.</strong></span> <span class='ocrx_word' id='word_1_116' title='bbox 1744 4688 1815 4741; x_wconf 80' lang='lat' dir='ltr'><strong>run</strong></span> <span class='ocrx_word' id='word_1_117' title='bbox 1839 4689 1963 4756; x_wconf 68' lang='lat' dir='ltr'><strong>amn,</strong></span> 
     </span>
     <span class='ocr_line' id='line_1_19' title="bbox 991 4784 1963 4867; baseline 0.007 -12"><span class='ocrx_word' id='word_1_118' title='bbox 991 4816 1009 4855; x_wconf 92' lang='grc' dir='ltr'><em>ι</em></span> <span class='ocrx_word' id='word_1_119' title='bbox 1126 4784 1457 4861; x_wconf 85' lang='lat' dir='ltr'><strong>Iurisconsultorum</strong></span> <span class='ocrx_word' id='word_1_120' title='bbox 1557 4814 1574 4854; x_wconf 91' lang='grc' dir='ltr'><em>ι</em></span> <span class='ocrx_word' id='word_1_121' title='bbox 1681 4808 1963 4867; x_wconf 70' lang='lat' dir='ltr'><strong>novamne.</strong></span> 
     </span>
    </p>
   </div>
   <div class='ocr_carea' id='block_1_6' title="bbox 0 0 2502 6164">
    <p class='ocr_par' dir='ltr' id='par_1_6' title="bbox 0 0 2502 6164">
     <span class='ocr_line' id='line_1_20' title="bbox 0 0 2502 6164; baseline 0 0"><span class='ocrx_word' id='word_1_122' title='bbox 0 0 2502 6164; x_wconf 95' lang='lat' dir='ltr'><strong> </strong></span> 
     </span>
    </p>
   </div>
  </div>
 </body>
</html>
