4967 6175
662 655 749 733 ¹‚92
1256 656 1281 719 l.
1316 653 1355 719 A.
1390 654 1423 719 C.
1458 650 1679 721 novans

707 868 743 935 et
763 860 902 959 elegans
930 866 965 931 et
985 858 1167 948 dacorum,
1200 859 1333 959 lepores
1357 858 1462 934 atium
1485 866 1591 957 atqua
1617 856 1780 943 facetiae,
1805 854 2020 929 humanitate
2046 854 2219 945 conditae,

707 980 826 1056 afferre
855 978 975 1055 solent.
1024 980 1162 1084 Interea
1188 1004 1258 1057 non
1283 979 1394 1054 defuit
1415 979 1461 1055 ad
1485 979 1611 1055 seriora
1632 974 1802 1052 redeundi
1826 974 2076 1074 opportunitas.
2111 974 2219 1051 Num·

705 1122 785 1199 mus
821 1098 935 1187 enim,
970 1123 1075 1198 quem
1109 1100 1339 1200 Magistratus
1371 1098 1526 1173 urbanus
1554 1099 1590 1172 in
1623 1096 1703 1171 lasti
1731 1094 1933 1169 memoriam
1953 1092 2037 1168 cudi
2059 1094 2219 1183 iusserat,

703 1217 789 1317 ipsis
830 1218 898 1293 illis
944 1217 1068 1293 dicbus
1109 1219 1320 1295 Academiae
1353 1217 1601 1306 Curatoribns,
1638 1212 1913 1300 Prolessoribus,
1949 1212 2152 1288 lectoribus
2186 1226 2220 1288 et

704 1337 868 1412 Alumnia
902 1338 1073 1414 eiusmodi
1100 1339 1244 1414 oblatus
1286 1345 1340 1413 est
1379 1338 1524 1426 Literis,
1567 1337 1696 1437 quibus
1738 1333 1784 1409 ad
1823 1331 2030 1408 Academiae
2074 1320 2220 1407 amorem

705 1456 921 1555 probandum
955 1456 1042 1530 nihil
1078 1456 1182 1531 scribi
1204 1457 1345 1556 dignius
1367 1456 1505 1556 potuit,
1531 1456 1595 1531 sed
1620 1454 1707 1529 nibil
1729 1452 1833 1527 etium
1855 1451 1995 1550 gravius
2015 1452 2061 1526 ad
2085 1476 2220 1551 persua·

705 1574 880 1661 dendum,
903 1574 1113 1651 Academiae
1135 1574 1282 1650 salutem
1303 1573 1455 1675 pendere
1475 1599 1519 1648 ex
1537 1572 1804 1674 diligentissima
1824 1572 2098 1670 uniuscuiusque
2115 1572 2222 1647 officio

706 1718 768 1767 suo
789 1692 958 1792 fungendi
981 1718 1074 1769 cura.
1126 1694 1194 1769 His
1216 1694 1344 1769 Literis
1365 1718 1427 1794 per
1450 1693 1615 1768 matutini
1637 1691 1802 1791 temporis
1823 1691 2110 1790 tranquillitatem
2131 1692 2223 1768 lectis

704 1820 907 1917 nostrumne
930 1814 1104 1888 nemiuem
1129 1814 1366 1913 suimetipsius
1387 1813 1543 1913 puduit?
1580 1812 1647 1887 Vel
1669 1812 1699 1886 si
1723 1810 1907 1911 strepitum
1932 1810 1988 1885 vix
2013 1810 2105 1885 intra
2124 1811 2223 1885 aedes

706 1958 786 2007 suas
820 1931 972 2032 effugere
997 1932 1117 2031 paucis
1142 1932 1260 2021 licuit,
1284 1932 1373 2007 nihil
1396 1940 1518 2031 postea
1540 1956 1605 2005 nos
1627 1930 1734 2005 movit
1755 1929 1949 2005 literarum
1971 1930 2107 2006 illarum
2133 1954 2223 2005 seve·

705 2053 816 2127 ritas?
855 2051 997 2127 Utinam
1029 2052 1237 2127 Academiae
1268 2052 1360 2127 bono
1382 2051 1531 2139 cedant,
1564 2074 1805 2149 quaecumque
1828 2049 2075 2139 Curatoribus,
2099 2049 2223 2126 Docto·

704 2171 801 2247 ribus
833 2179 869 2246 et
892 2172 1055 2246 Alumnis
1080 2180 1156 2247 tum
1184 2197 1266 2247 oum
1288 2173 1421 2271 pudore
1444 2195 1508 2245 suo
1534 2170 1571 2244 in
1599 2177 1753 2244 mentem
1779 2170 1934 2244 venerint
1956 2193 2123 2268 generosa
2147 2195 2223 2245 con·

705 2290 797 2366 silial
847 2292 924 2365 Erit
961 2291 1017 2366 hic
1050 2290 1151 2365 lustri
1183 2291 1392 2367 Academiae
1427 2288 1783 2367 Rheno-Traiectinae
1821 2288 2077 2389 quadragesimi
2112 2291 2224 2389 quinti

705 2409 838 2484 fructus
862 2409 964 2508 longe
990 2409 1196 2485 uberrimus.

754 2530 796 2601 In
827 2552 942 2603 rerum
974 2528 1204 2603 secundarum
1228 2529 1555 2605 commemoratione
1579 2539 1616 2604 et
1634 2550 1699 2603 'vos
1727 2528 1843 2604 animo
1866 2528 1952 2604 mihi
1976 2528 2225 2632 obverssmini‚

704 2646 865 2747 Collegae
900 2648 1191 2737 coniunctissimi,
1227 2648 1357 2747 quibus
1387 2648 1623 2749 inexspectata
1651 2648 1780 2748 obtigit
1805 2648 1850 2722 de
1874 2648 1992 2725 liberis
2014 2650 2137 2723 uestris
2160 2650 2224 2724 lac·

703 2765 803 2840 uadi
833 2790 956 2855 causa,
991 2792 1055 2843 nec
1086 2768 1140 2843 tui
1173 2792 1242 2843 non
1268 2767 1426 2843 recordor
1453 2770 1544 2845 Clar.
1571 2792 1704 2859 vrnxs,
1728 2793 1835 2867 quem
1858 2794 2002 2843 munere
2024 2768 2227 2867 professorio

705 2910 767 2983 per
793 2887 917 2984 viginti
939 2887 1093 2986 quinque
1115 2912 1224 2962 annos
1248 2887 1407 2963 functum
1431 2897 1512 2964 ante
1533 2889 1597 2963 hos
1623 2898 1693 2963 tres
1712 2912 1849 2963 menses
1869 2913 1935 2987 ego
1953 2896 1989 2962 et
2002 2889 2227 2987 Graphiarius

707 3006 856 3080 Senatus
879 3006 1019 3080 nomine
1039 3006 1275 3081 salutavimus.
1326 3009 1443 3084 Quam
1464 3008 1639 3081 iucundus
1659 3007 1726 3081 tibi
1747 3006 1806 3079 illc
1830 3006 1905 3080 dies
1924 3006 2010 3094 luit,
2035 3032 2105 3106 quo
2126 3008 2227 3082 disci·

706 3123 781 3220 puli
812 3132 882 3196 tam
916 3123 1025 3197 exteri
1051 3147 1156 3221 quam
1185 3124 1288 3222 patrii
1311 3124 1356 3197 de
1381 3125 1453 3198 tuis
1483 3123 1549 3198 tibi
1577 3125 1742 3224 gratulati
1772 3133 1855 3198 sunt
1881 3124 2056 3200 laboribus
2091 3126 2228 3201 Acade·

707 3243 824 3331 micis,
857 3265 928 3340 quo
959 3242 1062 3316 etiam
1086 3250 1216 3317 veteres
1240 3243 1523 3332 commilitones,
1555 3251 1743 3343 praeeunte
1765 3265 1993 3322 ooscruzsro
2019 3253 2100 3331 tuo,
2126 3245 2229 3319 cuius

707 3361 784 3438 dab
814 3363 987 3463 γλώσσης
1015 3363 1174 3456 μέλιτος
1205 3362 1375 3462 γλυκίων
1406 3364 1489 3462 ῥέεν
1521 3359 1637 3455 αὐδή,
1672 3360 1872 3460 disciplinae
1894 3369 1976 3435 tuae
1998 3361 2166 3436 rationem
2194 3373 2229 3436 et

704 3481 918 3580 propositum
950 3481 1041 3579 grati
1068 3482 1320 3580 exposuerunt!
1359 3481 1438 3554 Sint
1459 3469 1531 3554 tibi
1545 3505 1607 3555 eae
1630 3480 1781 3578 corporis
1808 3479 1915 3568 vires,
1940 3479 2070 3578 quibus
2093 3480 2227 3554 Acade·

704 3600 793 3672 miae
816 3609 851 3672 et
873 3599 1044 3674 Ecclesiae
1068 3599 1112 3674 ad
1135 3607 1264 3674 metam
1288 3624 1400 3699 usqua
1423 3601 1587 3699 prodesse
1612 3625 1753 3699 pergas,
1778 3600 2009 3698 tandemque,
2034 3622 2227 3674 aonusuur

704 3718 813 3792 nostri
835 3718 960 3806 instar,
988 3742 1177 3816 numquam
1198 3719 1315 3794 minus
1337 3720 1470 3794 otiosus
1493 3721 1540 3794 sia
1562 3719 1703 3794 iuturus
1723 3744 1827 3818 quam
1851 3743 1963 3817 quum
1985 3719 2119 3793 otiosus
2138 3719 2224 3791 eris!

707 3837 818 3925 Vivit,
845 3837 889 3912 A.
913 3840 978 3926 A„
1004 3838 1122 3936 quiin
1147 3839 1389 3937 gravissimum
1413 3840 1502 3915 vitae
1526 3839 1710 3916 discrimen
1741 3839 1926 3926 inciderat,
1951 3838 2042 3912 Clar.
2067 3859 2225 3912 sonnon-

707 3981 780 4032 nnu
804 3979 879 4031 vsu
903 3979 976 4032 nna
1001 3981 1122 4046 xonx3
1147 3965 1228 4032 ente
1255 3983 1383 4057 paucos
1404 3959 1478 4035 dies
1500 3961 1673 4058 optimum
1701 3959 1812 4034 virum
1835 3958 1905 4034 adii
1928 3958 2049 4056 eique,
2074 3956 2226 4031 reditum

707 4080 750 4152 ad
781 4079 897 4155 studia
926 4080 1080 4180 paranti,
1112 4079 1281 4153 affirmare
1309 4104 1377 4154 non
1402 4078 1578 4167 dubitavi,
1614 4080 1702 4154 banc
1725 4103 1797 4153 rem
1822 4077 1919 4153 vobis
1941 4076 2104 4152 omnibus
2125 4077 2227 4175 longe

706 4199 936 4295 gratissimam
963 4223 1037 4273 esse
1063 4198 1217 4271 loturam
1246 4201 1287 4290 ¹).

751 4524 776 4602 ¹)
807 4523 943 4584 Fallacam
973 4527 1064 4605 speml
1107 4522 1189 4584 Brevi
1218 4527 1281 4602 post
1312 4521 1450 4604 apparuit,
1482 4522 1570 4583 virum
1599 4522 1864 4603 praestantissimum
1890 4523 2069 4604 omnibusque
2095 4493 2246 4582 dilectum⁴

708 4620 806 4682 morbo
828 4621 964 4691 levatum,
990 4639 1047 4679 non
1073 4619 1219 4678 liberatum
1245 4635 1319 4689 esse,
1348 4623 1445 4677 eontra
1463 4617 1654 4693 gravisdmsm
1675 4619 1740 4680 huic
1761 4619 1927 4681 Academiae
1947 4619 2052 4680 cladem
2072 4618 2226 4678 imminere.

709 4717 787 4776 llaec
816 4714 896 4774 nobis
920 4715 998 4775 illals
1025 4720 1067 4775 eat
1083 4715 1110 4773 d.
1131 4729 1143 4772 1
1165 4733 1201 4773 m.
1224 4711 1303 4772 Maii.
1346 4710 1505 4790 eQnidquid
1526 4730 1561 4770 ex
1580 4714 1686 4794 optimo
1708 4715 1768 4775 viro
1788 4716 1954 4787 amavimus,
1982 4711 2115 4794 quidquid
2135 4711 2227 4771 mirati

707 4831 818 4884 sumus,
839 4817 931 4870 manet
952 4827 1162 4890 mansurumque
1183 4815 1225 4870 eat
1243 4809 1273 4868 in
1293 4807 1394 4867 animis
1413 4806 1545 4868 nostria.”
