4967 6175
885 630 1194 745 onarros
1748 675 1788 737 ar

268 886 606 975 animadvertebant,
640 888 701 961 sed
731 888 926 961 communis
957 895 1029 961 erat
1059 887 1214 961 omnium
1250 886 1444 986 persuasio,
1468 886 1583 959 Deum
1612 883 1788 958 interdum

268 1030 381 1105 neque
412 1007 499 1081 adeo
531 1031 607 1082 raro
631 1006 856 1094 intervenire,
884 1016 923 1080 ut
944 1008 996 1081 vel
1020 1007 1086 1106 piis
1110 1006 1356 1105 opitularetur,
1383 1006 1436 1079 vel
1456 1006 1617 1081 scelestos
1640 994 1789 1105 puniret.

268 1124 348 1199 Non
374 1127 435 1199 uni
457 1127 533 1201 Deo
556 1127 618 1202 sed
643 1127 790 1203 Satanae
812 1125 915 1201 etiam
941 1126 1084 1223 eiusque
1108 1123 1314 1199 satellitibus
1333 1123 1492 1198 eamdem
1510 1123 1711 1199 tribuebant
1731 1147 1792 1223 po·

268 1250 440 1323 testatem.
491 1249 593 1327 Quae
617 1271 723 1346 quam
747 1248 815 1323 late
836 1256 953 1345 patere
976 1246 1250 1331 existimaretur,
1276 1268 1346 1319 uno
1373 1243 1493 1318 saltem
1519 1244 1677 1343 exemplo
1700 1268 1792 1319 com·

269 1365 413 1465 probare
436 1366 544 1442 lubet.
595 1370 727 1443 Auctor
752 1367 852 1441 nobis
877 1374 930 1441 est
952 1389 1179 1441 accusamus
1197 1369 1250 1457 ¹),
1274 1390 1337 1464 per
1360 1387 1541 1438 sauream
1562 1364 1723 1462 martyris
1743 1388 1794 1438 re·

269 1485 413 1584 liquias,
445 1487 540 1562 haud
575 1488 694 1586 procul
725 1487 890 1586 Hippone
922 1487 1034 1585 Regio
1061 1495 1230 1573 servatas,
1256 1485 1477 1584 septuaginta
1502 1485 1663 1559 miracula
1686 1509 1796 1583 eaque

270 1606 462 1683 certissima
483 1617 678 1707 perpetrata
703 1609 880 1683 esseIntra
901 1606 1032 1681 biennii
1055 1606 1223 1706 spatium,
1249 1605 1411 1680 Calamae
1431 1629 1529 1693 vero,
1554 1606 1591 1679 in
1614 1605 1681 1679 alio
1704 1605 1796 1680 Asri·

271 1750 331 1801 cae
364 1726 513 1826 oppido,
545 1727 657 1801 multo
683 1728 793 1826 plura.
854 1729 955 1804 Quae
986 1751 1096 1824 quum
1127 1726 1177 1799 ita
1206 1733 1339 1812 esseut,
1374 1724 1419 1798 de
1442 1725 1581 1824 speciali
1603 1724 1669 1798 Dei
1692 1725 1797 1799 inter·

272 1855 398 1933 ventu,
424 1845 486 1943 qui
511 1845 684 1943 religionis
707 1845 924 1937 Christianae
946 1844 1045 1919 initia
1066 1852 1253 1943 spectaret,
1278 1868 1381 1917 nemo
1403 1842 1501 1917 facile
1523 1843 1683 1919 dubitare
1702 1850 1806 1944 pote·'

271 1976 342 2041 rat:
377 1988 483 2063 quam
516 1965 610 2037 enim
643 1964 831 2039 Ecclesiam
865 1974 1033 2063 perpetua
1064 1964 1307 2038 miraculorum
1340 1961 1427 2036 serie
1449 1964 1662 2061 propagabat
1683 1963 1802 2052 Deus,

272 2084 361 2159 bane
392 2084 514 2158 eadem
539 2084 672 2159 ratione
697 2094 774 2157 tum
800 2109 821 2157 a
846 2083 977 2157 mundo
1001 2090 1115 2157 creato
1144 2104 1383 2181 praeparasse,
1407 2089 1483 2154 tum
1508 2082 1703 2157 condidisse
1730 2084 1804 2158 siue

273 2205 345 2280 ulla
369 2204 587 2278 dubitatione
611 2203 887 2279 existimabatur.
939 2202 1051 2277 Simul
1076 2210 1192 2277 autem
1219 2201 1515 2290 animadvertitis,
1539 2202 1585 2278 ab
1607 2202 1805 2279 hominibus

273 2324 367 2399 illius
398 2324 521 2399 aetatis
550 2323 637 2399 hanc
666 2322 803 2399 divinae
826 2348 929 2398 curae
953 2322 1121 2421 speciem,
1147 2332 1219 2397 tam
1246 2322 1282 2395 in
1311 2331 1507 2396 raucarum
1532 2348 1636 2421 quam
1660 2324 1697 2398 in
1723 2312 1806 2401 rasa

275 2458 310 2519 et
333 2446 581 2543 Apostolorum
608 2443 679 2518 vita
701 2442 945 2544 conspicuam,
970 2443 1059 2517 tanti
1081 2443 1156 2516 fieri
1175 2466 1244 2516 non
1267 2442 1442 2541 potuisse,
1468 2444 1591 2542 quanti
1619 2444 1721 2520 hodie
1750 2471 1806 2520 ae·

276 2560 437 2638 stimetur
469 2564 514 2638 ab
546 2562 637 2651 illis,
672 2564 733 2662 qui
762 2564 944 2663 specialem
971 2564 1037 2637 Dei
1066 2564 1298 2665 interventum
1324 2563 1369 2637 ad
1395 2558 1570 2662 religionis
1594 2564 1810 2640 Christianae

275 2683 463 2781 primordia
494 2684 720 2783 restringunt.
784 2685 887 2759 Hanc
919 2707 996 2761 vero
1032 2684 1193 2758 viamus
1230 2684 1467 2758 Protestantes
1500 2684 1642 2782 quidem
1675 2685 1811 2784 antiqui

275 2802 424 2901 ingressi
447 2812 549 2895 sunt;
575 2803 638 2901 qui
657 2803 799 2877 omnino
823 2801 987 2875 miracula
1011 2802 1177 2875 nonnulla
1198 2802 1235 2876 in
1257 2802 1400 2877 ecclesia
1418 2804 1596 2878 Catholica
1618 2814 1755 2902 peracta
1775 2806 1811 2880 in

278 2922 427 2996 dubium
461 2931 626 2997 vocarunt
657 2933 719 2997 aut
752 2923 855 3019 plane
886 2920 1024 2993 infitiati
1049 2928 1148 2995 sunt:
1175 2921 1240 2995 hoc
1264 2946 1342 2996 vero
1365 2921 1447 2995 inde
1469 2922 1713 3021 explicandum
1736 2931 1811 3013 est,

279 3042 374 3140 quod
407 3040 539 3114 nodum
569 3041 645 3114 Deo
679 3040 826 3137 dignum
860 3038 1013 3112 invenire
1040 3038 1202 3112 sibinen
1229 3038 1455 3127 videbantun
1481 3065 1585 3138 quem
1610 3042 1640 3115 si
1663 3042 1812 3118 invenis·

279 3145 373 3248 sent,
398 3161 514 3257 ipsum
538 3159 736 3258 prodigium
760 3159 963 3257 neutiquam
990 3183 1048 3232 eos
1072 3167 1267 3258 gravasset,
1292 3168 1503 3258 quapropter
1522 3159 1688 3235 miracula
1709 3162 1812 3263 longe

280 3279 428 3379 plurima
459 3280 606 3354 Satanae
636 3279 769 3354 auctori
801 3279 996 3354 adscribere
1026 3304 1131 3376 quam
1157 3303 1285 3378 negare
1312 3279 1519 3354 maluerunt.
1569 3282 1645 3356 Nee
1668 3281 1812 3358 deerant

281 3399 395 3474 seculo
430 3397 518 3470 XVI
552 3422 662 3496 usque
695 3400 740 3474 ad
771 3399 921 3486 XVIII,
956 3399 986 3471 si
1017 3398 1216 3474 hominibus
1243 3400 1305 3497 qui
1338 3409 1423 3473 tunc
1451 3400 1612 3475 vivebant
1636 3402 1724 3478 fides
1749 3405 1808 3479 ha·

281 3517 397 3591 beuda
420 3525 492 3604 est,
518 3517 609 3593 facta
633 3543 773 3617 prorsus
799 3518 990 3606 mirabilia,
1016 3543 1124 3616 quae,
1151 3543 1261 3617 quum
1283 3545 1326 3593 ex
1348 3520 1461 3594 causis
1481 3522 1698 3598 naturalibus
1714 3524 1811 3600 nullo

268 3637 386 3712 ‘modo
418 3635 581 3736 explicari
615 3663 716 3737 posse
752 3639 970 3726 viderentur,
1004 3647 1065 3714 aut
1099 3638 1212 3713 fraudi
1242 3648 1278 3711 et
1306 3640 1446 3715 Diaboli
1469 3641 1616 3730 suardio,
1649 3654 1712 3718 aut
1737 3647 1812 3720 Deo

283 3758 469 3833 tribuenda
493 3783 568 3832 esse
593 3759 787 3834 communis
810 3770 885 3834 erat
905 3759 1063 3834 omnium
1087 3759 1220 3858 opinio;
1249 3768 1365 3834 utrum
1389 3755 1478 3835 vero¹
1492 3763 1561 3836 utri
1581 3764 1811 3861 praeferrent,

285 3878 348 3953 boe
374 3878 420 3952 ab
443 3877 572 3952 iudicio
597 3879 792 3977 pendebat,
820 3879 915 3976 quod
940 3879 984 3952 de
1009 3878 1167 3953 miraculi
1190 3888 1329 3954 auctore
1354 3889 1389 3954 et
1412 3880 1457 3954 de
1480 3908 1604 3971 causa,
1629 3885 1685 3958 cui
1709 3894 1809 3961 tuen·

287 3997 351 4072 dae
385 3998 526 4072 serviret
563 4008 783 4098 portentum,
820 4000 949 4100 singuli
982 3999 1149 4075 serebant.
1211 4000 1403 4099 Religionis
1440 4010 1556 4076 autern
1595 4003 1810 4080 Christianae

287 4117 440 4192 divinam
474 4119 718 4217 praestantiam
748 4121 866 4195 cuncti
898 4129 1123 4218 agnoscentes
1153 4120 1196 4193 de
1228 4120 1377 4193 mirabili
1400 4121 1475 4194 eius
1496 4122 1629 4220 origine
1649 4124 1810 4199 dubitare

287 4259 358 4312 non
385 4247 550 4334 poterant.
662 4252 667 4264 '

364 4357 413 4430 Ut
447 4357 570 4431 nostris
603 4357 727 4432 diebus
763 4359 865 4434 aliam
900 4357 1035 4432 divinae
1064 4357 1273 4457 operationis
1300 4356 1476 4430 notionem
1501 4357 1594 4433 haud
1617 4362 1719 4459 pauci
1743 4363 1810 4439 sibi

288 4476 563 4565 informaverint,
597 4477 687 4552 duae
717 4479 899 4578 praecipue
927 4503 1051 4554 causae
1084 4478 1289 4552 effecerunt:
1325 4476 1486 4552 historiae
1513 4480 1667 4557 studium
1692 4493 1728 4557 et
1750 4509 1810 4559 na·

289 4604 398 4672 turae.
447 4596 564 4670 Multo
595 4597 698 4684 altius
730 4623 833 4696 qnam
866 4598 1039 4696 superiore
1064 4599 1179 4674 seculo
1205 4598 1307 4674 hodie
1329 4598 1364 4673 in
1392 4597 1553 4674 historiae
1576 4625 1729 4678 recessus
1750 4631 1810 4705 pe·

331 4861 421 4936 aaa
445 4861 858 4943 cananaxxrroap.
882 4871 909 4924 a.
