4967 6175
924 723 1158 790 SllllllO.

801 950 1057 1027 Paouorrorus
1083 971 1268 1027 munna.

327 1163 400 1252 Tu,
424 1162 615 1262 plurimum
637 1159 842 1239 Venerando
865 1187 1034 1254 uourru,
1060 1165 1194 1240 iuvenis
1216 1164 1333 1240 adhue
1352 1164 1390 1240 in
1409 1165 1474 1244 lrao
1493 1170 1677 1248 Musarum
1697 1173 1799 1261 sede,

279 1308 390 1384 quum
420 1309 440 1358 e
472 1281 658 1357 certamine
687 1282 836 1360 literario
861 1285 968 1360 victor
994 1285 1195 1374 decederes,
1219 1285 1337 1360 laurea
1358 1293 1500 1362 ornatus
1521 1313 1579 1376 es,
1604 1297 1640 1364 et
1662 1292 1798 1390 quomi-

280 1429 368 1492 nus,
400 1401 608 1477 Academico
642 1402 754 1477 stadio
776 1410 881 1501 atque
904 1403 1064 1479 examine
1088 1401 1254 1478 doctorali
1273 1401 1417 1479 feliciter
1439 1405 1605 1503 peractis,
1629 1407 1699 1482 iam
1721 1416 1799 1486 tum

281 1545 435 1597 summos
466 1522 503 1595 in
534 1520 895 1620 Theologialouores
922 1525 1136 1623 capesseres,
1169 1522 1350 1622 impedivit
1373 1524 1527 1598 muueris
1549 1525 1798 1618 Ecclesiastici,

281 1653 416 1716 mature
440 1641 504 1714 tibi
526 1639 652 1728 oblati,
678 1641 830 1741 dignitas
857 1650 894 1716 et
916 1641 1077 1740 gravitas.
1127 1641 1183 1716 'lu
1205 1641 1394 1717 ditissimos
1417 1643 1592 1720 Historiae
1618 1646 1798 1723 thesauros

281 1763 316 1836 in
349 1761 558 1836 literatorum
591 1769 697 1860 utque
727 1762 965 1837 illiteratorum
997 1785 1100 1836 usum
1135 1761 1311 1861 aperuisti
1368 1763 1474 1840 Nunc
1504 1766 1667 1841 Facultas
1706 1766 1796 1843 uhe-

278 1882 428 1980 ologics,
459 1879 671 1979 approbante
698 1881 847 1969 Senatu,
877 1879 1083 1980 Theologius
1107 1880 1266 1956 Doctoris
1291 1881 1466 1980 gradum
1489 1884 1592 1960 titulo
1618 1892 1653 1960 te
1675 1909 1796 1962 ornare

278 1999 468 2075 mustituit.

802 2142 1058 2216 Pnouormurs
1083 2161 1268 2216 sonuum

325 2360 462 2434 Salvete
498 2359 622 2434 iterum
656 2360 854 2456 iterumque
887 2356 1034 2444 salvete,
1067 2356 1131 2430 viri
1155 2357 1375 2433 Doctissimi!
1412 2360 1565 2436 Collatus
1588 2363 1625 2438 in
1653 2388 1713 2440 vos
1734 2366 1795 2441 ho·

276 2503 377 2554 nores
410 2479 509 2554 vobis
539 2504 582 2554 es
617 2479 732 2554 auimo
763 2476 994 2576 congratulor.
1043 2475 1151 2551 Hune
1176 2477 1294 2575 ipsum
1316 2477 1445 2554 festum
1468 2480 1562 2555 diem
1586 2481 1685 2558 robis
1707 2509 1795 2561 novo

277 2599 383 2674 veluti
416 2599 557 2674 stimulo
588 2607 694 2698 atque
724 2599 949 2674 incitamento
978 2595 1051 2670 fors
1085 2604 1126 2670 ut
1153 2595 1296 2672 iuvenili
1317 2598 1469 2696 quodum
1492 2599 1614 2676 ardore
1635 2602 1682 2678 ad
1704 2603 1795 2679 vitae

276 2741 388 2816 usque
418 2726 548 2794 metam
578 2718 616 2792 in
648 2718 764 2792 literas
794 2726 831 2791 et
863 2714 979 2790 studia
1004 2713 1205 2790 incumbere
1227 2717 1401 2816 pergatis,
1424 2741 1488 2818 pro
1506 2727 1600 2794 certo
1623 2720 1734 2797 liabeo
1758 2731 1795 2798 et

275 2839 422 2914 confido.
474 2839 524 2914 'Pe
555 2846 742 2937 utrumque
773 2837 870 2910 Dens
900 2833 962 2909 diu
986 2835 1096 2910 salvos
1120 2843 1226 2934 atque
1248 2836 1439 2912 incolumes
1460 2847 1638 2915 conservet
1658 2841 1696 2916 in
1719 2867 1793 2918 nra·

276 2981 388 3056 gnum
406 2965 564 3034 coetuum
584 2967 776 3034 vestrorum
800 2956 1092 3034 emolumentuml
1129 2953 1290 3045 Talibus,
1315 2956 1435 3054 quales
1456 2958 1494 3034 in
1518 2959 1616 3034 robis
1641 2960 1793 3050 invenit,

276 3077 426 3153 alumnis
447 3102 581 3179 semper
605 3077 743 3179 gloriari
766 3082 889 3177 pergat
913 3074 997 3151 haee
1025 3083 1135 3150 restra
1157 3073 1263 3151 Alma
1284 3075 1421 3168 Mater,
1447 3079 1635 3156 Academia
1653 3079 1794 3157 Rheno·

279 3197 512 3273 Traiecfiual’
998 3218 1002 3225 ·

847 3366 961 3442 Verba
992 3366 1084 3440 Olor.
1110 3386 1233 3441 raum.

325 3612 564 3689 invaletudinis
588 3637 691 3687 eausa
713 3612 813 3689 abest
835 3612 885 3686 vir
905 3609 1153 3711 Amplissimus
1177 3633 1420 3687 ounnnuaaus
1445 3634 1615 3687 uonrrns.
1665 3612 1710 3687 Iu
1731 3612 1792 3689 ab·

275 3740 405 3807 sentem
435 3742 552 3809 tamen
580 3756 736 3807 summos
758 3758 800 3808 ex
828 3733 977 3807 Senatus
999 3731 1136 3805 decreto
1159 3730 1312 3806 conferre
1334 3730 1481 3807 honores
1504 3730 1592 3806 mihi
1617 3731 1794 3809 mandavit

273 3852 600 3929 Iurisconsultorum
624 3854 732 3929 Ordo.

801 4023 1059 4097 Paouormurs
1085 4043 1271 4096 munna.

320 4270 411 4345 Novi
438 4270 587 4346 doctoris
611 4262 732 4343 merita
756 4267 842 4369 quid
864 4292 929 4367 agn
956 4266 1140 4355 extollam,
1163 4290 1255 4365 quae
1280 4253 1400 4363 peritis
1420 4265 1585 4341 omnibus
1604 4274 1688 4343 nota
1709 4276 1795 4345 suut

272 4399 307 4463 et
336 4389 480 4465 maximi
501 4389 737 4465 aestimantur.
787 4386 879 4467 Quis
903 4387 999 4462 enim
1021 4386 1177 4485 ignorat,
1201 4408 1368 4461 nonrrurr
1395 4384 1504 4462 lunae
1528 4387 1683 4486 primum
1704 4388 1795 4464 inter

271 4518 461 4598 nostrates,
486 4509 547 4607 qni
571 4516 728 4583 notorum
754 4506 1040 4581 insinuandorum
1065 4528 1196 4580 munus
1218 4529 1263 4579 ex
1282 4502 1421 4603 opificio
1443 4505 1490 4581 ad
1510 4514 1621 4582 artem
1645 4508 1795 4584 erexerit

271 4642 307 4703 at
336 4629 513 4704 doctrinae
549 4627 679 4703 ratione
713 4626 927 4702 excoluerit?
971 4627 1091 4705 Quare
1124 4626 1221 4725 quod
1252 4625 1290 4700 in
1319 4624 1507 4724 diplomate
1530 4627 1792 4725 scriptumest,

272 4749 371 4823 illum
402 4756 473 4823 tam
509 4746 702 4821 eruditione
733 4753 770 4821 et
802 4746 934 4821 meritis
965 4770 1072 4845 qnam
1102 4745 1211 4844 gestis
1242 4744 1447 4821 muneribus
1475 4746 1608 4839 clarum
1636 4770 1730 4837 esse,
1754 4746 1793 4820 id

272 4867 504 4944 consentienti
526 4866 684 4943 omnium
706 4864 976 4962 intelligentium
999 4864 1127 4941 iudicio
1150 4863 1441 4974 comprobabitpr.

1518 4983 1596 5059 17·
