4967 6175
917 684 1196 755 ORATIO.
1798 686 1820 753 s

288 896 352 998 qni
374 895 568 983 existimet,
592 918 612 969 a
635 892 863 970 subtilissima
883 916 1023 993 quaque
1043 894 1246 993 quaestione
1265 892 1462 994 dogmatica
1479 893 1592 993 ipsam
1611 888 1816 991 religionem

286 1016 448 1118 pendere.
505 1014 582 1090 Neo
612 1020 729 1089 tamen
757 1012 903 1102 dubito,
937 1014 1022 1113 quin
1053 1013 1217 1089 eumdem
1249 1038 1349 1089 ame
1370 1012 1518 1089 habeam
1538 1012 1812 1089 dissentientem.

245 1216 251 1234 ,
287 1134 480 1235 Religionis
511 1133 606 1210 enim
637 1132 854 1209 Christianae
883 1132 1062 1209 notionem
1095 1132 1155 1209 alii
1180 1132 1280 1209 aliter
1306 1132 1574 1223 constituimus,
1607 1156 1679 1233 qua
1707 1130 1746 1205 in
1777 1155 1816 1206 re

287 1278 398 1356 qnnm
425 1262 563 1331 nostrae
592 1253 805 1354 quaestionis
836 1252 940 1329 cardo
972 1262 1143 1344 vertatur,
1175 1253 1293 1331 statim
1327 1278 1349 1330 a
1381 1252 1581 1329 delinitione
1611 1252 1818 1353 proferenda

285 1376 493 1453 ordiendum
525 1400 603 1452 esse
637 1375 791 1465 videtur,
824 1374 883 1451 cui
915 1374 1139 1474 explicandae
1165 1382 1201 1449 et
1235 1374 1462 1451 vindicandae
1490 1381 1564 1450 tota
1589 1397 1669 1449 mea
1693 1373 1819 1449 serviet

284 1496 405 1573 oratio.

335 1615 476 1717 Religio
495 1594 550 1691 est
572 1621 666 1691 certa
692 1614 863 1715 quaedam
887 1615 975 1690 ratio
998 1616 1116 1689 Deum
1140 1611 1352 1715 agnoscendi
1374 1620 1411 1687 et
1432 1612 1589 1705 cebodi,
1614 1637 1704 1714 quae
1729 1637 1816 1713 qua·

286 1735 330 1809 lis
353 1733 399 1808 sit
420 1758 464 1809 ex
486 1732 643 1833 epitheto
667 1732 832 1822 afficitur,
857 1733 953 1831 quod
975 1732 1080 1808 buius
1101 1732 1244 1808 rationis
1258 1741 1435 1809 auctorem
1449 1732 1601 1809 indicare
1616 1733 1713 1821 solet
1746 1732 1820 1807 Ubi
1920 1832 1923 1839 .

285 1853 396 1953 igitur
429 1852 473 1926 de
506 1850 704 1927 Christiana
735 1850 901 1950 religione
932 1852 1089 1950 quaestio
1120 1850 1334 1941 instituitur,
1367 1851 1413 1927 ad
1444 1852 1642 1927 testimonia
1668 1851 1712 1926 da
1734 1874 1819 1928 raso

285 1994 444 2048 onnrsro
478 1969 640 2046 historica
672 1969 886 2072 ablegamur.
946 1970 1085 2046 Horum
1118 1970 1382 2071 antiquissima,
1413 1997 1503 2071 quae
1536 1972 1670 2070 reliqua
1700 1971 1819 2047 omnia

284 2090 356 2167 fide
379 2100 563 2192 superant,
588 2097 625 2164 et
652 2112 762 2165 eruar
787 2090 941 2190 epistolis
963 2091 1187 2167 continentur
1209 2098 1246 2165 et
1266 2089 1471 2191 Euangeliis
1493 2090 1606 2167 tribus
1626 2089 1818 2191 prioribus,

285 2236 375 2312 quae
406 2210 594 2311 Syncptice
625 2209 694 2285 dici
722 2210 845 2285 solent.
897 2210 996 2287 Haeo
1019 2211 1049 2285 si
1074 2210 1308 2300 consulimus,
1333 2211 1378 2285 de
1400 2234 1484 2287 raso
1507 2211 1651 2286 consilio
1673 2211 1820 2310 eiusque

285 2355 365 2407 sera
386 2331 502 2407 indole
528 2329 678 2405 dubium
701 2329 910 2429 relinquitur
933 2330 1081 2405 nullum.
1131 2330 1354 2430 Propositum
1375 2330 1427 2406 illi
1451 2340 1524 2408 erat
1543 2331 1692 2406 condere
1712 2330 1819 2405 socie·

285 2458 413 2541 tatem,
447 2476 536 2551 quae
565 2476 586 2527 a
621 2449 735 2551 parvis
768 2450 877 2524 initiis
900 2475 1082 2551 progressa
1103 2458 1218 2526 totum
1244 2450 1431 2550 aliquando
1452 2452 1739 2551 complecteretur
1755 2459 1822 2550 'ge-

285 2596 353 2647 uus
385 2570 590 2647 humanum.
643 2573 762 2649 Quam
795 2578 836 2644 ut
862 2570 1056 2645 accuratius
1083 2569 1257 2646 describat
1280 2578 1316 2645 et
1339 2570 1558 2647 auditoribus
1579 2570 1822 2661 commendet,

178 2770 182 2775 ,
283 2692 462 2768 notionem
495 2703 565 2787 τῆς
596 2691 807 2789 βασιλείας
841 2699 910 2769 τοῦ
950 2696 1067 2783 θεοῦ,
1106 2690 1197 2766 inter
1227 2682 1410 2790 populares
1444 2716 1528 2767 suos
1551 2692 1656 2792 longe
1682 2692 1821 2790 lateque

284 2836 460 2911 sparsam,
494 2810 532 2884 in
567 2834 671 2885 usum
705 2834 810 2885 suum
831 2812 1019 2900 convenit,
1045 2810 1108 2885 sed
1130 2812 1181 2885 ita
1207 2810 1313 2885 simul
1334 2808 1517 2902 immutat,
1543 2819 1583 2886 ut
1606 2811 1695 2886 nihil
1717 2811 1755 2886 in
1781 2836 1823 2886 ee

284 2928 437 3029 supersit
467 2926 614 3003 Iudaici.
673 2930 753 3003 Non
786 2936 924 3005 tantum
947 2929 1088 3004 Israelis
1110 2928 1260 3027 posteris
1284 2929 1347 3003 sed
1365 2928 1530 3003 omnibus
1551 2930 1754 3004 hominibus
1775 2932 1823 3005 ad

283 3072 432 3148 regnum
460 3046 617 3121 divinum
644 3046 761 3121 aditus
784 3054 890 3146 petet.
943 3050 1044 3126 Quae
1065 3047 1159 3123 enim
1180 3048 1218 3122 in
1241 3033 1317 3122 eius
1336 3046 1472 3123 civibus
1492 3048 1719 3148 requiruntur
1738 3049 1822 3126 talio

285 3175 389 3257 sunt,
414 3174 455 3242 nt
477 3173 550 3241 tam
574 3191 596 3241 a
617 3165 783 3269 gentibus
806 3190 912 3266 quam
936 3167 981 3243 ab
1007 3167 1146 3243 Iudaeis
1167 3167 1335 3268 praestari
1355 3167 1501 3266 possint.
1540 3166 1682 3268 Quippe
1704 3169 1823 3244 omnia

284 3287 481 3364 referuntur
516 3285 562 3360 ad
594 3285 820 3376 modestiam,
845 3311 935 3385 quae
968 3287 1149 3363 tenuitatis
1177 3313 1261 3363 suae
1290 3286 1359 3362 sibi
1382 3285 1520 3362 conscia
1543 3294 1579 3362 et
1602 3288 1700 3378 Deo,
1723 3286 1822 3362 Patri

228 3466 232 3478 .
285 3406 545 3496 amantissimo,
578 3405 722 3481 conlidit
756 3405 913 3505 Eiusque
948 3407 1090 3483 consilio
1124 3433 1162 3483 sa
1194 3407 1390 3498 submittit,
1415 3415 1451 3482 at
1476 3413 1695 3507 peccatorum
1720 3408 1821 3482 venia

286 3526 332 3602 ab
356 3528 409 3602 Eo
432 3526 617 3626 impetrata
644 3525 764 3600 virtuti
787 3526 926 3615 studet,
952 3551 1041 3626 quae
1066 3536 1192 3604 mutuo
1213 3552 1330 3603 amore
1349 3527 1550 3604 absolvitur.
1573 3511 1706 3606 'Quam
1726 3537 1820 3603 arcte

285 3647 395 3746 igitur
424 3646 461 3720 in
497 3669 580 3722 msc
615 3645 840 3721 sectatoribus
876 3645 1024 3735 vinculi,
1050 3648 1146 3746 quod
1176 3649 1354 3724 hominem
1377 3673 1459 3724 cum
1482 3649 1559 3722 Deo
1579 3647 1714 3747 iungit,
1739 3671 1820 3722 cou-

287 3767 431 3842 scientia
451 3775 487 3840 et
511 3765 730 3866 perfectionis
751 3764 890 3841 moralis
911 3767 1069 3841 studium
1091 3768 1317 3858 cohaereant,
1343 3768 1411 3868 ipsi
1431 3767 1565 3844 iudices
1593 3768 1687 3844 estis.
1737 3768 1819 3842 Iure

287 3894 405 3962 uostm
440 3897 621 3962 censemus
652 3886 854 3985 religionem
881 3911 924 3960 ex
949 3911 1031 3962 rusu
1055 3896 1172 3962 mente
1196 3912 1338 3987 prorsus
1359 3888 1508 3964 ethicam
1531 3912 1627 3977 esse,
1653 3886 1817 3962 virtutem

287 4017 404 4082 antem
439 4005 647 4105 areligione
671 4005 841 4105 proficisci
866 4031 1005 4082 omnem
1029 4031 1072 4083 ex
1096 4033 1205 4108 eaque
1229 4008 1391 4107 pendere.
1439 4008 1542 4082 Idem
1562 4033 1606 4082 ex
1628 4007 1721 4082 illius
1746 4006 1817 4082 vita

288 4127 504 4201 verissimum
527 4150 602 4200 esse
625 4133 780 4226 apparet.
830 4128 932 4205 Quae
954 4127 1046 4202 enim
1067 4127 1103 4202 in
1124 4127 1201 4202 aliis
1221 4127 1435 4228 requirebat,
1461 4128 1584 4203 horum
1605 4128 1681 4227 ipse
1699 4150 1815 4200 exem·

289 4244 389 4345 plum
408 4245 504 4320 dedit
520 4239 819 4346 perfectissimum.
869 4247 1007 4321 Patrem
1031 4255 1212 4322 veneratur
1228 4247 1431 4335 coelestem,
1455 4255 1621 4346 perpetuo
1641 4247 1678 4320 in
1698 4269 1815 4320 rerum

287 4371 414 4439 natura
436 4371 654 4464 operantem,
676 4363 840 4440 omnibns
861 4365 1148 4465 prospicientem,
1172 4365 1354 4441 bominum
1373 4364 1672 4470 amantissimum,
1696 4363 1742 4440 ab
1764 4366 1817 4439 Eo

288 4505 326 4558 se
350 4484 501 4582 pendere
525 4485 630 4560 sentit
651 4484 808 4585 Eiusque
833 4486 1002 4560 voluntati
1022 4511 1058 4560 se
1079 4485 1275 4576 submittit,
1300 4484 1358 4559 Illi
1380 4509 1515 4586 semper
1539 4495 1577 4561 et
1597 4483 1729 4586 ubique
1752 4485 1816 4560 ob·

289 4607 477 4702 temperat,
504 4604 577 4679 soci
596 4605 648 4680 illi
672 4605 846 4694 internae,
870 4631 961 4705 quae
985 4605 1031 4682 ad
1057 4605 1147 4682 vitae
1170 4607 1390 4682 sanctitatem
1417 4605 1576 4705 propellit
1599 4613 1636 4681 et
1655 4605 1701 4681 ab
1721 4617 1823 4691 omni

289 4721 382 4796 malo
406 4719 628 4814 dehortatur,
651 4748 843 4825 numquam
866 4747 937 4800 non
957 4723 1160 4814 obsecutus;
1185 4750 1290 4824 quam
1312 4725 1349 4800 in
1372 4725 1439 4800 Illo
1459 4725 1613 4825 reposuit
1633 4725 1815 4812 fiduciam,

277 4839 380 4916 banc
408 4841 464 4916 sui
485 4842 715 4944 abnegatione
737 4853 773 4919 et
796 4843 1015 4934 obedientia,
1040 4869 1152 4944 nsque
1173 4843 1219 4920 ad
1240 4854 1386 4922 mortem
1407 4845 1591 4945 praestita,
1614 4842 1816 4945 comprobat

438 4985 440 4988 ’
480 4987 482 4991 ·
1650 4967 1672 5038 2
