4967 6175
513 1053 1660 1220 saainsnnonronn'n,

1065 1356 1097 1401 ill

665 1574 951 1657 scabellis
990 1572 1507 1656 nonnullo-Batava

462 1886 470 1905 ι
491 1806 788 1881 Hannnnsnnnl,
810 1806 1066 1868 Postremae
1087 1806 1276 1867 ansmvas
1297 1808 1399 1868 ANNI
1418 1807 1681 1873 clomcccnxr.

969 2122 1203 2133 ...ψῃ-

751 2388 756 2400 ’
782 2367 1030 2445 FAOUL'PAS
1054 2368 1382 2445 THEOLOGIOA.

324 2610 360 2669 Δ.
381 2593 547 2667 KUENnN
571 2585 730 2661 Ethicam
751 2586 984 2662 Christianam
1009 2584 1162 2674 docebit,
1188 2586 1313 2661 diebus
1336 2587 1500 2662 Mercurii
1525 2597 1562 2663 et
1583 2588 1650 2665 Va·

370 2708 483 2799 neris,
512 2763 1651 2785 ................................
1687 2708 1770 2788 bora
1789 2712 1846 2788 XI

514 2834 551 2901 ‘et
574 2826 632 2901 die
654 2826 767 2913 lovis,
802 2882 1652 2905 ........................
1758 2831 1845 2910 XII.

420 2945 612 3022 Historiam
635 2945 801 3021 librorum
825 2945 867 3022 V.
894 2947 934 3022 Τ.
958 2944 1148 3034 enarrabit,
1173 2944 1229 3020 die
1253 2944 1374 3021 Lunae
1383 3004 1646 3034 ........
1809 2953 1848 3028 X

514 3072 550 3142 et
578 3066 635 3142 die
659 3066 824 3142 Mercurii
834 3123 1647 3155 .......................
1814 3074 1847 3151 Ι.“

421 3186 531 3264 loom
563 3188 709 3263 selectos
741 3185 903 3262 historiae
935 3186 1169 3262 Israelitarum
1204 3185 1382 3275 tractabit,
1408 3185 1465 3262 die
1489 3185 1653 3280 Veneris,
1761 3191 1848 3271 XII.

324 3316 372 3387 w.
392 3327 428 3386 Δ.
448 3326 533 3386 VAN
552 3325 735 3400 finitent,
760 3315 939 3408 provectae
966 3306 1088 3382 aetatis
1112 3332 1217 3382 causa
1240 3307 1327 3382 rude
1349 3307 1516 3398 donatus,
1542 3335 1652 3410 quan·

371 3433 448 3501 tum
471 3443 533 3526 par
557 3427 645 3502 vires
669 3425 801 3516 licebit,
826 3425 1035 3502 Academiae
1058 3425 1207 3502 alumnia
1231 3425 1394 3526 prodesse
1417 3422 1609 3505 conabitur.

321 3558 641 3628 allectionem
676 3547 899 3647 Theologiam
934 3543 1097 3622 biblicam
1126 3545 1172 3622 N.
1197 3545 1236 3623 Τ.
1260 3545 1393 3636 tradet,
1425 3543 1482 3623 die
1504 3547 1649 3642 Martis,
1673 3549 1729 3626 XI
1750 3555 1786 3627 et
1806 3551 1847 3643 1,

514 3667 571 3742 dle
594 3666 695 3742 lovis
697 3725 1650 3756 ...........................
1791 3670 1848 3747 XI

514 3794 550 3862 et
573 3785 632 3862 dic
656 3785 818 3875 Veneris,
867 3840 1645 3866 ......................
1799 3789 1848 3868 X.

419 3907 612 3982 Historiam
649 3905 886 4008 philosophiae
922 3907 966 3982 de
998 3907 1094 3995 Deo,
1127 3907 1297 4006 imprimis
1324 3905 1509 4007 antiquae,
1534 3908 1650 3984 critice

464 4027 646 4115 trmtabit,
671 4026 795 4102 diebus
819 4024 960 4116 Lunae,
988 4027 1080 4103 Iovis
1104 4035 1140 4102 et
1163 4025 1307 4102 Veneria
1316 4084 1643 4115 ..........
1810 4030 1841 4106 Ι.

420 4145 609 4246 colloquiis
633 4145 806 4221 derebus
830 4146 1030 4247 theologicis
1056 4146 1190 4222 vacabit
1214 4145 1271 4222 die
1295 4144 1407 4234 lovis,
1452 4205 1639 4223 ......
1791 4147 1839 4226 Χ.

323 4283 527 4345 1.1.PR1Ns
566 4264 758 4366 Epistolam
790 4267 835 4342 ad
873 4266 1051 4342 Hebraeos
1085 4265 1374 4366 interpretaturus
1410 4273 1483 4354 est,
1521 4263 1646 4342 diebus

373 4384 557 4475 Mercurii,
581 4384 674 4460 Iovis
698 4389 733 4460 et
757 4383 901 4461 Veneris
907 4438 1536 4476 ...................
1554 4381 1571 4463 ’.
1599 4447 1608 4464 .
1635 4446 1645 4467 .
1772 4388 1841 4467 ΙΧ.

420 4504 626 4606 [theologiae
657 4505 830 4582 Practicaa
867 4515 1000 4607 partem
1039 4503 1283 4582 catecbeticam
1316 4513 1352 4581 et
1381 4505 1646 4583 ecclesiasticam

468 4623 649 4713 tractabit,
674 4621 799 4701 diebus
822 4623 948 4702 Martis
971 4631 1018 4701 et,
1031 4620 1193 4701 Mercurii
1201 4683 1644 4715 .............
1773 4629 1839 4706 Χ.

423 4742 626 4819 Oatecbeain
651 4745 846 4822 Palatinam
866 4770 929 4846 pro
952 4745 1115 4822 concione
1136 4746 1307 4822 tractandi
1328 4744 1495 4822 rationem
1513 4743 1651 4822 docebit

468 4854 558 4940 liora·
575 4863 921 4964 postcaindicanda.·
1025 4893 1028 4900 ’

1626 4985 1675 5065 71
