4967 6175
907 719 1141 787 SEllth.
1723 725 1788 790 129

263 925 416 1026 aperitur
446 929 492 1004 ad
520 928 650 1003 remees
674 923 821 1025 populos
844 924 1067 1000 emolliendos
1091 931 1127 999 et
1154 932 1292 1001 sancho
1314 925 1491 1024 religionis
1520 927 1711 1026 praeceptis
1735 928 1789 1002 in·

263 1046 465 1145 stitutisque
495 1044 712 1122 excolendos.
762 1045 946 1123 Quaenam
972 1051 1090 1119 autem
1118 1045 1307 1121 Academia
1335 1044 1514 1120 lubentius
1538 1055 1573 1120 te
1594 1047 1631 1120 in
1651 1069 1789 1122 conscr-

262 1166 352 1240 tinm
390 1191 494 1240 snum
524 1166 690 1264 reciperet
716 1188 822 1262 quem
848 1189 910 1251 ea,
936 1148 1026 1262 quae
1054 1171 1135 1237 ante
1159 1164 1282 1262 viginti
1304 1164 1460 1263 quinque
1485 1189 1656 1241 annorum
1680 1167 1789 1242 lustra

262 1284 459 1359 cathedram
484 1283 540 1359 hic
560 1282 777 1358 obtinentem
800 1282 885 1357 vidit
909 1305 1106 1357 scararum
1129 1305 1351 1373 suasanus,
1372 1285 1482 1359 vuum
1505 1285 1704 1383 egregium,
1726 1289 1789 1386 qui

263 1403 394 1502 ingenii
424 1403 610 1502 sagacitate
644 1411 679 1476 et
709 1401 852 1476 scientia
873 1401 1071 1500 linguarum
1099 1401 1281 1500 uniusque
1307 1404 1429 1478 Indiae
1455 1402 1573 1477 seculo
1604 1427 1668 1478 suo
1690 1429 1787 1504 prae·

264 1523 369 1610 luxit,
396 1523 525 1621 quique
549 1521 776 1596 fundamenta
794 1521 874 1595 iecit
892 1521 968 1596 eius
987 1521 1153 1609 aedificii,
1176 1521 1233 1596 oui
1254 1533 1294 1597 tu
1310 1525 1380 1599 iam
1399 1524 1578 1623 fastigium
1593 1525 1787 1623 impones.’'

793 1738 1048 1813 Pnorrorrorns
1075 1761 1260 1817 nonuunn.

741 1955 854 2029 Verbo
885 1945 977 2044 Olor.
1000 1975 1141 2042 ronco,
1168 1981 1199 2032 c.
1225 1979 1250 2030 1.
1275 1955 1323 2030 fil.

316 2120 414 2199 aQui
433 2118 482 2194 rei
501 2119 654 2193 medicae
674 2118 866 2193 maritimae
884 2118 920 2192 in
939 2118 1051 2216 patrie
1066 2125 1182 2194 nostra
1194 2119 1387 2218 praelectus
1400 2141 1454 2206 ee,
1468 2119 1695 2218 Amplissime
1706 2124 1787 2195 ror!

312 2233 518 2338 Priusquam
551 2261 595 2310 ex
627 2236 776 2310 Senatus
807 2235 1008 2311 Academici
1041 2236 1178 2311 decreto
1202 2238 1333 2311 summi
1358 2236 1394 2311 in
1421 2246 1456 2311 te
1480 2240 1703 2314 conserantur
1728 2241 1788 2315 ho·

265 2382 384 2444 nores,
417 2355 639 2430 iureiurando
672 2365 707 2428 te
741 2354 911 2454 adstringi
941 2364 1079 2454 oportet
1114 2356 1159 2430 ad
1195 2367 1304 2431 artem
1332 2357 1502 2432 medicam
1532 2359 1617 2446 rite,
1649 2358 1789 2443 idest,

266 2476 463 2552 humaniter
494 2483 530 2550 et
559 2473 696 2573 legibus
728 2475 984 2550 accommodate
1016 2474 1251 2550 factitandum.
1301 2476 1383 2574 Ipse
1411 2476 1633 2552 iurisiurandi
1660 2478 1790 2553 sormu-

267 2599 335 2672 lam
361 2594 523 2671 recitabo.
573 2593 629 2666 'Pu
653 2593 737 2668 andi
763 2603 798 2668 et
824 2600 938 2670 tecum
964 2601 1106 2694 reputa,
1132 2619 1217 2670 num
1239 2593 1328 2668 illud
1352 2595 1464 2670 iurare
1488 2597 1618 2697 possis:

364 2717 486 2791 Testor
519 2716 634 2788 Deum
671 2714 962 2814 omnipotentem,
997 2739 1054 2789 mc
1090 2715 1127 2788 in
1156 2714 1318 2790 curandis
1342 2715 1454 2813 aegris
1481 2715 1631 2792 diaetam
1654 2717 1791 2815 aliaque

316 2836 487 2922 remedia,
512 2843 682 2936 quantum
704 2834 835 2932 ingenii
859 2833 993 2910 viribus
1017 2859 1198 2933 assequar,
1223 2859 1267 2909 ex
1284 2828 1520 2933 subregulis
1542 2837 1588 2910 ad
1609 2845 1789 2935 aegrotan-

319 2958 408 3030 tium
448 2955 591 3029 salutem
629 2965 664 3028 et
701 2955 925 3028 commodum
962 2956 1309 3042 commendaturum,
1342 2978 1406 3029 nec
1444 2979 1545 3054 prece
1580 2980 1644 3029 nec
1678 2957 1790 3054 pretio

319 3075 428 3151 aliave
461 3074 504 3149 de
536 3100 640 3150 causa
671 3074 894 3174 pharmacum
930 3067 1072 3154 noxium
1102 3075 1266 3175 cuiqnam
1301 3075 1586 3174 propinaturum,
1618 3098 1682 3150 nec
1710 3100 1788 3174 gra·

318 3196 416 3271 vidae
456 3196 616 3270 abortum
656 3203 940 3293 procuraturum:
983 3194 1102 3271 audita
1140 3196 1193 3271 vel
1231 3194 1303 3269 visa
1343 3195 1434 3269 inter
1466 3196 1683 3283 curandum,
1723 3196 1790 3270 nisi

315 3315 540 3415 Reipublicae
571 3340 612 3389 ea
642 3314 754 3389 efferri
785 3315 940 3401 intersit,
977 3314 1113 3388 silentio
1136 3336 1403 3413 oppressurum:
1428 3313 1465 3387 in
1489 3306 1647 3388 examine
1672 3324 1791 3388 autern

317 3435 442 3511 lorensi
470 3436 515 3510 od
548 3435 699 3509 iudicem
730 3434 878 3514 fideliter
907 3433 1118 3522 relaturum,
1152 3433 1238 3531 quid
1264 3440 1381 3506 actum
1409 3432 1496 3529 quid
1520 3442 1695 3530 repertum
1721 3433 1790 3519 sit,

317 3555 415 3630 etde
436 3554 553 3629 indole
578 3554 659 3629 mali
683 3554 856 3628 exanimi
883 3552 1054 3625 sententia
1075 3552 1232 3651 religiose
1255 3551 1585 3649 pronunciaturum:
1612 3560 1649 3624 et
1674 3551 1710 3625 in
1737 3551 1791 3624 his

317 3675 482 3749 omnibus
508 3674 648 3771 pietati,
674 3672 848 3748 honestati
871 3680 907 3745 et
933 3672 1162 3745 conscientiae
1183 3694 1322 3769 operam
1349 3669 1524 3745 daturum.

365 3794 464 3867 Haec
487 3794 516 3865 si
538 3792 666 3867 sincere
690 3794 909 3892 praestitero,
935 3814 997 3864 nec
1029 3791 1138 3865 sciens
1166 3790 1338 3878 lelellero,
1371 3790 1453 3864 felix
1483 3790 1569 3863 mihi
1594 3814 1655 3888 per
1675 3791 1792 3865 Deum

321 3914 644 3987 mmmm!

320 4032 394 4119 Tu,
431 4032 483 4105 vir
515 4032 758 4129 Amplissime,
791 4031 839 4103 ita
868 4032 980 4103 iurare
1005 4029 1034 4101 si
1060 4052 1128 4101 non
1156 4030 1326 4127 graveris,
1352 4028 1489 4103 duobus
1513 4028 1685 4126 prioribus
1707 4029 1790 4102 dex·

274 4158 347 4225 trae
370 4151 490 4249 digitis
514 4150 681 4238 sublatis,
707 4150 776 4225 alta
801 4174 903 4236 voce,
929 4149 985 4246 pia
1009 4155 1125 4221 mente
1150 4146 1234 4221 haec
1260 4148 1362 4221 verba
1385 4157 1539 4253 repetes:

781 4368 852 4440 Ita
885 4389 949 4439 me
984 4365 1105 4439 Deua
1139 4364 1285 4439 iuvet!

471 4564 647 4638 Praestare
671 4563 914 4648 secernendo,
938 4562 1084 4635 rectula
1110 4568 1162 4635 est
1186 4562 1413 4635 Promotiomh
1427 4562 1595 4655 formula.

325 4748 431 4823 Hisce
463 4746 609 4823 feliciter
642 4745 806 4845 peractis,
842 4746 891 4819 vir
913 4744 1168 4844 Amplissime,-
1183 4770 1250 4845 ego
1268 4744 1424 4822 omnium
1447 4744 1580 4841 primus
1603 4764 1710 4816 noros
1732 4741 1792 4815 ho·

169 4942 176 4951 .
275 4892 375 4943 nores
406 4867 471 4942 tibi
506 4864 667 4965 gratulor.
729 4864 809 4940 Non
844 4866 926 4941 artis
963 4872 1098 4939 tuntum
1132 4865 1275 4963 peritia,
1314 4888 1383 4939 non
1419 4887 1503 4939 usus
1541 4884 1582 4935 ac
1619 4860 1793 4935 dornone

1333 5010 1338 5016 ·
1581 4980 1624 5051 17
