4967 6175
691 666 734 735 88
1244 662 1269 727 1.
1306 661 1342 727 Α.
1378 660 1412 728 C.
1446 659 1667 730 novena

696 897 786 973 qne,
824 868 885 970 qni
921 867 1120 944 civitatibus
1157 877 1342 968 praesunt,
1379 868 1485 943 vitam
1520 893 1642 968 parurn
1678 892 1815 943 movere
1851 877 1983 944 ceteros
2021 866 2124 943 cives.
2175 869 2218 945 In

694 998 846 1068 mentem
873 988 966 1063 venit
986 1012 1056 1063 non
1080 988 1203 1063 veteris
1225 997 1347 1089 poetae
1371 988 1580 1077 versiculus,
1606 987 1670 1063 sed
1691 987 1861 1063 sententia
1883 1010 2098 1076 cronaours,
2118 988 2218 1065 cuius

696 1118 736 1187 ut
769 1109 836 1185 alia
864 1110 997 1199 multa,
1032 1108 1080 1183 sic
1112 1108 1177 1183 hoc
1210 1109 1245 1183 in
1273 1110 1394 1209 primis
1419 1110 1630 1209 praeclarum
1663 1117 1736 1183 eat:
1774 1109 1876 1183 cNon
1899 1117 2038 1181 tantum
2058 1109 2141 1183 mali
2165 1116 2218 1184 est

695 1254 835 1332 peccare
857 1228 1029 1329 principes
1056 1234 1282 1328 (quamquam
1308 1236 1361 1302 est
1383 1253 1551 1329 magnum
1573 1227 1638 1303 hcc
1660 1252 1722 1327 per
1744 1251 1781 1300 se
1800 1226 1916 1326 ipsum
1937 1227 2083 1321 malum)
2107 1252 2216 1325 quan·

694 1359 771 1426 tum
798 1349 906 1438 illud,
933 1348 1028 1448 quod
1051 1348 1218 1447 permulti
1241 1346 1432 1423 imitatores
1458 1346 1653 1447 principum
1681 1346 1847 1423 existunt.
1872 1390 1921 1404 -
1946 1348 2029 1426 Quo
2052 1345 2216 1446 pernicio·

695 1472 768 1547 sius
804 1470 847 1543 de
879 1494 916 1544 re
945 1468 1085 1568 publica
1118 1478 1294 1542 merentur
1322 1467 1436 1541 vitiosi
1463 1467 1654 1567 principes,
1686 1466 1783 1567 quod
1801 1492 1872 1542 non
1895 1466 2007 1541 solum
2034 1466 2118 1542 vitia
2139 1491 2217 1542 oon·

695 1592 829 1691 cipiunt
864 1588 950 1687 ipsi,
987 1586 1049 1662 sed
1086 1612 1127 1663 ea
1157 1587 1350 1662 infundunt
1381 1588 1418 1662 in
1447 1587 1641 1664 civitatem:
1676 1611 1790 1687 neque
1816 1586 1929 1662 solum
1951 1586 2100 1675 obsunt,
2125 1585 2220 1685 quod

695 1710 762 1810 ipsi
792 1717 1081 1807 corrumpuntur,
1115 1706 1177 1780 sed
1210 1706 1314 1780 etiam
1349 1705 1443 1804 quod
1475 1714 1721 1807 corrumpunt,
1752 1708 1902 1807 plusque
1931 1706 2090 1806 exemplo
2115 1730 2219 1806 quam

696 1836 838 1931 peccato
871 1828 1033 1902 nocent.”
1084 1828 1209 1926 Itaque
1241 1828 1385 1902 interest
1422 1826 1571 1901 civitatis
1609 1827 1733 1902 horum
1769 1828 1877 1903 vitem
1908 1827 2112 1903 dissimilem
2146 1850 2220 1901 esee

695 1972 860 2051 pecorum
891 1947 1000 2036 vitae,
1039 1971 1129 2045 quae
1157 1955 1283 2022 natura
1311 1973 1419 2047 prona
1442 1957 1549 2046 atque
1575 1948 1686 2022 ventri
1707 1946 1905 2023 obedientia
1927 1947 2039 2022 finxit.
2089 1946 2220 2021 Verum

695 2070 785 2144 hanc
808 2068 845 2142 in
873 2066 1076 2140 deteriorem
1101 2074 1235 2165 partem
1260 2067 1331 2141 vim
1358 2092 1506 2167 urguere
1529 2068 1595 2142 etsi
1619 2067 1843 2156 facillimum,
1868 2091 1963 2142 nunc
1985 2066 2128 2165 quidem
2151 2091 2220 2142 non

697 2186 923 2288 praecipuum
959 2185 1105 2261 videtur.
1169 2186 1216 2259 Et
1248 2210 1398 2284 aequum
1432 2192 1487 2259 est
1523 2184 1722 2260 meminisse
1754 2194 1947 2261 extremam
1977 2185 2222 2285 disputetionis

696 2306 1016 2381 Ciceronianae
1039 2312 1192 2405 partem:
1217 2306 1346 2404 cpsuci
1368 2306 1422 2381 vel
1448 2331 1667 2406 corrumpere
1686 2331 1796 2382 mores
1817 2306 1965 2381 civitatis
1984 2305 2037 2381 rel
2054 2307 2222 2406 corrigere

695 2434 844 2527 possunt
866 2427 935 2519 ¹).''
976 2424 1079 2500 Hanc
1100 2424 1295 2525 corrigendi
1315 2434 1522 2525 potestatem
1543 2424 1686 2525 plurimi
1706 2424 1795 2499 facio
1816 2426 2077 2525 arctissimeque
2098 2425 2223 2525 copulo

695 2569 776 2621 cum
812 2543 1017 2633 docilitatis,
1051 2568 1156 2643 quam
1187 2544 1399 2642 significavi,
1434 2553 1523 2620 voto.
1574 2545 1682 2624 Quod
1719 2570 1764 2619 ne
1793 2546 1851 2619 cui
1881 2547 2008 2621 mirum
2043 2545 2222 2635 videatur,

695 2690 794 2739 meae
832 2688 888 2739 me
922 2664 1046 2738 aetatis
1080 2688 1284 2761 praeconem
1317 2664 1462 2740 focace
1491 2665 1700 2764 appellanti,
1735 2664 1863 2742 diserte
1885 2667 2026 2743 tandem
2050 2666 2224 2741 declarare

694 2784 810 2873 iuvat,
849 2782 944 2881 quod
982 2790 1099 2857 tamen
1135 2807 1205 2857 non
1237 2782 1466 2859 divinandum
1505 2782 1649 2882 reliqui,
1685 2783 1723 2858 in
1758 2810 1886 2886 magns
1916 2786 2108 2876 bonorum,
2133 2808 2228 2882 quae

695 2903 780 2978 haec
808 2910 903 2977 aetas
926 2904 1097 2993 continet,
1125 2904 1288 2979 varietate
1310 2912 1347 2978 et
1372 2904 1583 3003 praestantia
1610 2929 1707 2992 eam,
1733 2929 1790 2978 me
1811 2905 1946 2993 iudice,
1971 2931 1992 2980 a
2015 2904 2229 3004 perfectione

696 3021 854 3100 nonnihil
887 3022 1019 3098 abesse.
1071 3023 1170 3102 Quid
1206 3022 1335 3121 requiri
1371 3031 1514 3120 putem,
1550 3021 1663 3095 dicam
1698 3022 1818 3121 paucis
1850 3022 1964 3122 iisque
1992 3048 2035 3098 ex
2065 3048 2226 3100 sermone

697 3141 875 3218 communi
899 3141 1027 3240 petitis.
1078 3141 1229 3214 Animus
1257 3140 1415 3214 nondum
1442 3139 1531 3216 tenti
1554 3140 1595 3213 fit
1617 3141 1740 3237 quanti
1760 3141 1951 3236 ingenium.
2002 3142 2099 3216 Hinc
2124 3144 2226 3218 vitio·

696 3287 775 3337 rum
809 3260 949 3351 cohors,
986 3284 1075 3358 quae
1107 3259 1249 3360 ingenio
1282 3260 1370 3335 adeo
1401 3285 1471 3335 non
1501 3268 1688 3350 sanantur,
1718 3269 1903 3337 utcontra
1926 3271 2122 3362 augeantur
2145 3287 2225 3360 per·

700 3406 803 3482 saepe
830 3389 866 3454 et
886 3380 1137 3480 ingravescant.
1189 3380 1302 3454 Cuius
1327 3381 1420 3454 enim
1445 3380 1482 3453 in
1505 3380 1622 3455 animo
1636 3380 1781 3481 igniculi
1806 3381 1975 3456 virtutum
2001 3382 2051 3456 sic
2069 3380 2228 3456 restincti

702 3510 787 3576 sunt
819 3509 859 3575 nt
894 3509 1038 3575 naturae
1071 3499 1190 3574 lumen
1225 3500 1282 3574 vir
1306 3508 1489 3601 appareat,
1523 3525 1629 3599 qnam
1649 3500 1749 3576 facile
1773 3526 1809 3576 se
1831 3501 1961 3601 cogitat
1988 3525 2099 3576 unum
2124 3526 2225 3576 suus·

702 3645 771 3720 que
803 3619 870 3694 sibi
902 3621 999 3692 Deus
1023 3620 1085 3707 fit,
1110 3628 1216 3718 atque
1240 3620 1286 3694 ad
1309 3645 1347 3696 se
1369 3615 1512 3719 quidem
1536 3645 1578 3695 eo
1599 3621 1710 3720 magis
1732 3620 1849 3696 omnis
1872 3621 1994 3711 refert,
2019 3646 2090 3723 quo
2112 3621 2149 3694 in
2171 3621 2225 3695 in·

700 3739 795 3840 genii
826 3738 1027 3813 excellentia
1058 3738 1229 3836 paratiora
1261 3745 1344 3812 sunt
1380 3739 1631 3838 cupiditatibus
1660 3740 1876 3840 obsequendi
1900 3741 2090 3841 praesidia!
2126 3741 2226 3815 Haec

563 3919 565 3923 v
702 3884 811 3961 quum
838 3858 933 3934 haud
955 3882 1084 3958 paucos
1110 3865 1323 3934 transversos
1349 3867 1456 3959 agant
1480 3868 1516 3934 et
1538 3860 1686 3937 civitatis
1713 3861 1821 3960 vigori
1843 3860 2035 3936 admodum
2059 3865 2225 3949 noceant,

704 3979 896 4055 luculenter
917 3984 1081 4078 appareat
1103 4002 1242 4053 necesse
1265 3987 1337 4068 est,
1363 4003 1433 4054 non
1455 4004 1517 4079 per
1539 3980 1616 4055 avia
1638 3989 1674 4055 et
1697 3981 1796 4057 devia
1821 3981 1925 4056 ullum
1946 3980 2135 4083 comparari
2154 3979 2226 4054 sive

704 4099 874 4198 privatum
904 4097 975 4172 sive
1004 4097 1180 4198 publicam
1210 4099 1429 4191 felicitatem,
1462 4100 1525 4174 sed
1553 4125 1659 4176 unsm
1683 4100 1766 4177 illue
1791 4102 1918 4176 ducere
1941 4103 2056 4192 viam,
2080 4100 2226 4176 arduam

706 4217 848 4318 quidem
880 4218 995 4306 illem,
1033 4219 1094 4293 sed
1129 4245 1234 4294 unam
1267 4226 1405 4294 tanturn
1435 4219 1651 4319 eandemque
1677 4219 1781 4294 laude
1811 4219 2073 4320 dignissimam,
2097 4218 2227 4320 quippe

707 4359 796 4435 quse
824 4336 982 4410 omnium
1009 4337 1162 4434 postulet
1188 4339 1311 4412 virium
1336 4347 1532 4415 nostrarum
1560 4339 1859 4439 conspirationem.
1908 4340 1988 4415 Hac
2011 4340 2066 4415 via
2091 4339 2141 4429 si,
2166 4336 2228 4438 qui

685 4455 743 4529 ·in
779 4453 919 4553 fastigio
949 4455 1149 4553 potestatis,
1183 4456 1382 4532 divitiorum
1412 4467 1448 4533 et
1471 4459 1642 4534 honorum
1665 4458 1821 4535 collocati
1842 4467 1946 4552 sunt,
1969 4460 2092 4536 ceteris
2116 4456 2227 4560 praei·

707 4573 818 4664 bunt,
843 4573 1016 4674 praeclaro
1044 4599 1186 4652 munere
1209 4575 1410 4676 fungentur.
1463 4579 1536 4654 Suc
1560 4578 1629 4680 ipsi
1650 4579 1808 4680 exemplo
1829 4581 2073 4673 ostendentes,
2096 4576 2228 4680 ingenii

750 4835 775 4910 ¹)
807 4839 850 4897 De
869 4837 953 4914 leuc.
973 4836 1033 4911 III,
1058 4835 1106 4900 142
