4967 6175
828 703 1022 769 saurus
1059 699 1386 768 Lectionum.
1824 700 1869 767 55

439 908 631 985 Historiam
656 908 896 1007 Philosophiae
920 910 1105 1006 explicabit
1129 908 1254 983 diebus
1278 910 1398 983 Lunae
1420 918 1456 982 et
1480 909 1591 995 Iovia,
1625 968 1633 983 .
1662 908 1770 984 ‚hora
1779 908 1866 987 xlr.
2024 969 2026 972 .
2143 910 2151 929 ⁴

436 1028 712 1127 Peedagogicam
747 1035 913 1126 exponet,
951 1028 1075 1103 diebus
1110 1036 1145 1101 et
1183 1028 1276 1102 horis
1310 1028 1540 1103 Auditoribus
1578 1054 1670 1103 com·

486 1148 610 1227 modis.

338 1291 372 1353 ο.
393 1290 430 1350 G.
451 1288 580 1348 ooanr
600 1265 883 1365 interpretabitur
904 1291 1104 1354 nonnanis,
1127 1288 1355 1340 nnaonoroar
1377 1272 1413 1339 et
1431 1289 1668 1355 connectant,

386 1388 511 1465 diebus
534 1388 674 1476 Lunae,
709 1386 845 1463 Maris·
860 1394 895 1460 et
920 1387 1102 1474 Mercurii,
1143 1442 1665 1463 ...............
1814 1381 1871 1466 Χ.’

433 1508 672 1607 Antiquitatee
689 1508 864 1581 Romanas
886 1508 1016 1596 tradet,
1039 1506 1164 1582 diebus
1178 1506 1319 1593 Lunae,
1344 1506 1489 1594 Martis,
1504 1506 1668 1581 Mercurii

484 1636 519 1701 et
543 1627 634 1701 lovis
644 1682 1660 1714 .............................
1774 1627 1860 1701 Xll.

432 1746 625 1823 Historiam
660 1754 809 1820 veterem
836 1746 1062 1844 provectiores
1085 1744 1242 1833 docebit,
1269 1744 1393 1818 diebus
1419 1746 1512 1859 Iovis
1538 1755 1574 1819 et
1595 1745 1664 1819 Ve-

479 1867 591 1952 neris,
631 1920 1665 1940 .............................
1830 1869 1862 1942 Ι.

431 1987 552 2060 Artem
577 1983 754 2059 metricam
780 1984 939 2071 docebit,
965 1983 1088 2059 diebus
1113 1984 1258 2058 Veneria
1282 1990 1318 2057 et
1342 1984 1502 2070 Saturni,
1772 1985 1858 2062 XII.

434 2104 574 2179 Scholas
598 2104 848 2203 paedagogicas
873 2102 1035 2191 habebit,
1061 2103 1185 2179 diebus
1210 2103 1335 2178 Martis
1359 2112 1394 2178 et
1418 2104 1551 2192 levia„
1580 2164 1588 2178 .
1617 2162 1625 2179 .
1653 2164 1662 2180 .
1809 2108 1860 2183 II.

431 2224 537 2297 Initia
561 2222 849 2321 Palaeographiae
870 2223 1020 2297 Graecae
1036 2219 1240 2295 candidatio
1254 2221 1449 2298 Litararum
1462 2223 1665 2322 explicabit,

478 2341 602 2418 diebus
626 2341 771 2417 Veneris
795 2348 831 2416 et
856 2340 997 2415 Saturni
1006 2398 1621 2427 ..................
1648 2403 1656 2419 .
1717 2345 1855 2421 lX·XI.

332 2482 368 2542 B.
388 2482 419 2541 Ρ.
440 2485 476 2543 A.
497 2482 601 2541 DozY
639 2462 832 2535 Historiam
872 2460 1098 2535 universalem
1131 2460 1336 2559 explicabit,
1369 2460 1493 2535 diebus
1524 2462 1665 2552 Lunae,

382 2583 507 2657 Martis
532 2591 567 2655 et
592 2581 776 2667 Mercurii,
815 2633 1659 2658 ........................
1790 2584 1857 2659 Xl.

428 2701 550 2777 Varios
578 2701 669 2777 locos
690 2701 852 2776 historiae
876 2700 951 2775 aevi
970 2699 1078 2775 medii
1097 2710 1132 2774 et
1155 2700 1318 2775 historiae
1339 2699 1537 2775 recentioris
1558 2726 1661 2801 expo
1885 2732 1888 2736 ·

475 2829 552 2908 net,
578 2821 702 2896 diebus
725 2822 846 2895 Lunae
871 2828 906 2893 et
931 2818 1095 2894 Mercurii
1107 2877 1662 2907 ................
1785 2824 1855 2900 ΙΙΙ.

427 2943 587 3041 Exponat
631 2941 675 3015 de
709 2939 816 3015 literis
853 2940 1012 3037 Europae
1048 2939 1302 3027 meridionalia,
1341 2938 1465 3013 diehm
1498 2948 1536 3014 et
1571 2939 1665 3015 hona

478 3060 605 3137 deinde
629 3060 891 3136 constituendis.

330 3199 371 3262 Μ.
391 3200 444 3262 De
465 3203 581 3262 verns
600 3182 775 3279 Linguam
796 3181 1000 3278 Iiterasque
1015 3179 1144 3278 patrias
1158 3179 1364 3278 explicabit,
1383 3178 1509 3254 Mebua
1520 3179 1663 3268 Lunae,

377 3299 522 3390 Martis,
549 3299 713 3376 Mercurii
737 3307 773 3373 et
798 3299 889 3374 Iovia
899 3355 1658 3388 ......................
1803 3303 1855 3376 ΙΙ.

422 3420 597 3520 Linguam
620 3419 824 3517 Iiterasque
846 3419 975 3517 patrias
991 3418 1098 3494 medii
1112 3419 1187 3496 aevi
1204 3418 1409 3518 explicabit,
1424 3418 1548 3494 diehm
1563 3421 1658 3495 Mar·

472 3538 518 3612 tis
541 3546 578 3613 et
601 3537 693 3613 Iovis
705 3593 1657 3626 ...........................
1779 3540 1850 3616 111.

424 3657 598 3757 Linguam
637 3657 840 3756 Iiterasque
884 3656 1013 3755 patrias
1052 3655 1181 3732 saeculi
1214 3654 1324 3730 XVII
1356 3655 1563 3758 explicabit,
1600 3656 1658 3755 die

473 3775 1654 3863 Martia,
1818 3777 1850 3853 1.

423 3896 478 3969 De
510 3895 631 3994 lingna
659 3893 771 3994 patria
801 3917 887 3992 pure
921 3899 957 3967 et
989 3893 1164 3993 eleganter
1189 3892 1372 3970 scribenda
1400 3902 1501 3994 agat,
1525 3892 1656 3970 additia

471 4014 640 4090 exercitiis
663 4011 844 4114 practicis,
868 4012 992 4094 diebus
1015 4011 1108 4088 Iovia
1132 4017 1171 4089 at
1193 4010 1339 4087 Veneria
1347 4067 1652 4102 .........
1795 4011 1846 4088 11.

423 4132 625 4208 carminum
657 4133 764 4208 medii
795 4132 870 4206 aevi
894 4131 1210 4231 interpretationem
1240 4132 1396 4209 criticam
1424 4131 1653 4234 provectiores

471 4252 628 4342 docebit,
652 4252 709 4326 dia
733 4251 876 4339 Martia,
911 4307 1648 4330 .....................
1688 4248 1845 4328 VIII-x

421 4369 596 4470 Linguam
619 4369 803 4448 Gothicam
828 4370 960 4460 tradet,
985 4370 1042 4446 die
1066 4371 1158 4446 Iovis
1167 4427 1647 4460 ..............
1825 4369 1847 4446 1
1967 4395 1972 4404 ·

420 4489 1101 4806 capuaci,
1117 4547 1296 4688 tarra
1312 4545 1649 4688 autaut
1773 4489 1845 4567 ¹¹¹·

470 4753 584 4806 domm
662 4787 671 4806 .

421 4847 569 4925 Carmen
593 4849 742 4949 Epirum
766 4851 931 4947 Beaeelf
949 4849 1169 4952 interpretari
1188 4857 1332 4952 perget,
1355 4848 1413 4927 die
1431 4849 1576 4942 Martia,
1600 4905 1611 4924 .
1636 4905 1648 4925 .
1687 4845 1842 4924 vtvtss.
