4967 6175
948 651 1258 732 onrr10..
1808 665 1854 740 eo

330 873 410 951 turs
442 861 591 951 tuismet
622 859 753 951 urias
789 860 1012 949 annuum
1044 885 1088 951 es
1122 861 1165 951 iis
1198 885 1321 960 waere
1344 862 1443 955 lieet,
1474 887 1565 963 ausc
1586 864 1623 938 in
1650 865 1754 958 lania
1776 866 1849 944 siue

330 982 458 1071 edidit,
491 981 564 1069 sive
591 1003 672 1069 uum
702 978 885 1080 praefectis
910 979 1187 1060 communicavit.
1238 980 1308 1069 His
1328 982 1493 1073 omnibus
1515 985 1661 1082 peractis
1683 994 1720 1076 aa
1744 1012 1847 1087 supp.

327 1102 410 1189 stis
440 1102 478 1188 iu
511 1099 659 1199 patriam
687 1098 800 1187 rediit.
849 1100 893 1187 In
919 1122 960 1181 eo
988 1098 1058 1176 iam
1085 1106 1176 1188 crat,
1202 1105 1244 1191 ut.
1268 1124 1359 1197 quse
1383 1102 1459 1199 ipse
1484 1101 1614 1195 duent
1640 1112 1677 1182 et
1700 1106 1846 1208 college·

327 1229 381 1307 rat
420 1220 557 1319 digestu
584 1228 620 1296 ot
652 1217 810 1300 arenata
842 1219 881 1294 in
909 1242 1129 1307 communem
1158 1226 1372 1295 moverteret
1394 1243 1508 1297 nsum.
1559 1222 1649 1297 Ecce
1675 1224 1846 1318 cheulin

325 1341 401 1439 ipso
419 1340 521 1438 quasi
536 1346 641 1439 portu
660 1338 881 1438 naufragium
899 1337 981 1415 lecit
991 1396 1001 1435 ,
1026 1345 1214 1439 antequam
1237 1338 1409 1417 thesauris
1430 1340 1503 1420 suis
1521 1340 1591 1433 frui
1610 1343 1737 1439 possit,
1764 1348 1843 1442 qui,

327 1459 358 1535 si
389 1459 444 1535 uel
481 1468 561 1559 post
583 1459 659 1547 eius
682 1466 828 1538 mortem
852 1458 981 1557 patriae
1005 1465 1041 1536 et
1063 1458 1242 1534 munisse
1267 1457 1468 1556 disciplinae
1495 1460 1705 1559 proderunt,
1730 1486 1845 1561 neque

326 1602 403 1665 eam
430 1578 573 1665 afferent
598 1578 802 1666 utilitatem,
827 1602 932 1675 quam
957 1602 999 1654 eo
1024 1576 1099 1653 vivo
1124 1576 1339 1669 attulissent,
1365 1601 1480 1676 neque
1502 1588 1606 1659 eruut
1628 1603 1678 1657 or
1695 1604 1843 1675 arrasia

325 1698 393 1795 ipsi
422 1720 485 1796 pro
513 1698 712 1784 sumans
733 1704 909 1783 &ntorum
930 1696 1088 1783 laborum
1112 1697 1400 1795 compensatione.
1449 1697 1521 1771 Sed
1543 1698 1632 1776 hanc
1655 1700 1768 1778 verbis
1789 1727 1844 1777 or·

325 1839 426 1904 nare,
455 1816 513 1901 cui
541 1816 610 1913 ipsi
637 1823 815 1912 tamquam
844 1814 1040 1903 adfuimus,
1072 1816 1286 1913 tragoediam
1315 1815 1402 1892 nihil
1428 1840 1517 1915 opus
1540 1827 1603 1893 est.
1653 1821 1705 1907 Ea
1727 1822 1845 1919 potius

325 1934 362 2007 in
393 1933 594 2019 memoriam
625 1934 816 2021 resecanda
840 1940 941 2022 sunt,
976 1958 1065 2031 quae
1091 1934 1248 2009 animum
1272 1934 1328 2011 his
1351 1935 1620 2033 cogitationibus
1640 1962 1846 2039 oppressum

327 2053 456 2153 erigere
491 2052 636 2152 possint.
685 2054 787 2145 Quod
824 2052 917 2141 enim
953 2052 1131 2130 abortus
1164 2053 1291 2128 nostris
1323 2055 1549 2138 statuendum
1583 2063 1636 2131 est
1669 2058 1845 2155 pretium,

326 2197 394 2261 nun
418 2198 439 2259 a
459 2172 631 2259 fructibus
654 2173 783 2273 pendat
808 2194 896 2272 quos
919 2172 986 2271 ipsi
1011 2172 1093 2247 iuda
1115 2172 1389 2271 perceperimus,
1414 2173 1477 2248 sed
1498 2171 1543 2249 ab
1564 2173 1700 2252 interna
1723 2200 1844 2254 eorum

328 2291 501 2381 bonitate,
534 2291 579 2381 ab
610 2291 731 2370 ardore
761 2298 797 2370 et
827 2292 1098 2391 perseuerantia,
1129 2291 1296 2370 laudabili
1321 2292 1496 2393 proposito
1518 2293 1694 2385 adhibitis.
1743 2295 1844 2389 Haec

327 2420 444 2499 autem
476 2412 506 2486 si
540 2411 762 2511 respicimus,
798 2435 846 2490 nu
879 2435 1019 2503 varpsrr
1054 2410 1145 2501 vite,
1180 2411 1317 2496 camsi
1351 2410 1469 2488 debite
1504 2414 1662 2499 mercede
1693 2417 1845 2495 caruisse

328 2531 504 2621 videnum,
528 2530 759 2631 pulcherrime
776 2530 922 2607 dicanda
945 2541 1009 2610 est.
1047 2530 1129 2609 Siue
1147 2532 1217 2607 ulla
1237 2532 1331 2608 enim
1353 2531 1605 2610 intermissione
1626 2535 1844 2635 disciplinae,

327 2650 384 2724 cni
415 2656 530 2725 totum
565 2674 601 2723 se
635 2649 844 2739 tradiderat,
877 2649 990 2726 dicata
1016 2651 1094 2727 luit.
1144 2651 1278 2727 Domui
1304 2676 1386 2743 suae
1412 2652 1561 2752 gmviter
1585 2654 1731 2744 afflictae
1757 2656 1847 2743 hane
1915 2684 1921 2693 ·

327 2793 452 2869 puram
485 2776 590 2867 atque
622 2768 929 2841 incontaminatam
961 2769 1101 2867 reliquit
1131 2770 1354 2858 memoriam,
1387 2771 1489 2845 nobis
1516 2780 1635 2847 autem
1663 2774 1845 2864 omnibus,

327 2888 390 2987 qui
414 2886 623 2973 Academiae
645 2910 750 2964 cansa
774 2885 910 2963 obitum
935 2886 1028 2962 illius
1054 2888 1233 2987 lugemus,
1267 2890 1466 2988 exemplum
1486 2892 1710 2988 praeclarum.
1745 2895 1848 2983 Quod

326 3006 390 3105 qui
420 3006 596 3094 imitatur,
634 3028 683 3094 pn
716 3026 864 3101 varran·
885 3004 994 3079 instar
1031 3013 1066 3079 ot
1098 3006 1303 3106 aequalibus
1336 3006 1542 3086 utilieumus
1572 3012 1666 3099 rivet
1692 3020 1728 3090 et
1751 3013 1848 3114 apud

325 3132 480 3226 posteros
504 3123 624 3214 debito
648 3122 716 3212 sibi
740 3121 868 3205 honore
892 3148 961 3201 uon
987 3123 1138 3202 carebit!
1150 3123 1155 3134 “

376 3364 436 3452 Ad
465 3363 554 3440 hanc
586 3360 837 3456 calamitatem,
869 3362 1070 3461 disciplinae
1091 3361 1271 3438 botanicae
1293 3362 1445 3453 illatam
1469 3363 1668 3464 nuperrime
1694 3367 1767 3459 (die
1787 3368 1848 3453 su

328 3509 375 3563 m.
413 3482 607 3575 Februarii)
643 3483 787 3560 accessit
815 3482 932 3565 obitus
970 3505 1104 3568 cauom
1137 3505 1315 3566 unnovror
1340 3506 1485 3574 nrrnur,
1513 3484 1686 3561 Herbario
1707 3486 1849 3587 publico

329 3603 510 3703 praelecti,
544 3603 647 3690 titulo
676 3601 882 3680 Professoris
914 3601 1053 3681 honoris
1082 3627 1189 3680 causa
1211 3602 1335 3678 ornati.
1387 3604 1526 3679 Nomen
1549 3604 1645 3694 eius,
1669 3607 1763 3705 quod
1786 3631 1849 3706 per

329 3727 375 3798 30
409 3723 480 3800 lere
511 3747 681 3810 annuum
713 3724 864 3823 spatium
898 3745 980 3805 curn
1013 3722 1201 3798 Academia
1232 3730 1350 3804 nostru
1380 3723 1606 3800 coniunctum
1632 3724 1717 3814 luit,
1749 3725 1848 3800 silere

328 3842 443 3932 nolui,
477 3843 543 3919 sed
575 3841 662 3916 nihil
694 3843 832 3941 longius
867 3866 888 3917 a
923 3865 980 3916 me
1013 3839 1131 3930 abest,
1167 3865 1275 3940 quam
1305 3849 1346 3917 ut
1371 3843 1482 3919 vuum
1507 3843 1755 3934 maronam,
1787 3845 1845 3925 vir

327 3961 447 4036 lunare
486 3962 638 4051 elatum,
673 3961 813 4042 laudare
848 3962 1004 4038 animum
1038 3961 1212 4038 inducam.
1262 3963 1339 4043 Nec
1372 3963 1460 4038 meis
1493 3963 1646 4062 prolecto
1682 3963 1846 4041 laudibus

330 4079 484 4180 iasdigat,
520 4081 583 4180 qui
618 4081 715 4157 libris
751 4082 796 4156 de
826 4083 933 4159 ctera
964 4081 1074 4156 Iacca
1104 4089 1140 4156 et
1166 4083 1351 4161 insularum
1383 4084 1609 4158 cementum
1635 4108 1657 4156 a
1682 4107 1719 4158 se
1742 4082 1847 4167 editis

331 4208 598 4288 munumentum
620 4201 735 4301 exegit
757 4226 834 4278 aere
855 4200 1062 4300 perennius,
1087 4224 1158 4299 quo
1176 4207 1312 4298 praeter
1331 4224 1431 4277 susm
1452 4200 1582 4275 famam
1602 4200 1846 4292 Universitatis

328 4319 672 4419 lugduno-Batavos
709 4321 925 4421 splendorem
958 4319 1065 4396 auxit.
1130 4321 1284 4399 Mortem
1318 4318 1413 4396 illius
1446 4328 1564 4398 nosue
1599 4321 1705 4398 etiam
1741 4346 1848 4403 cause

328 4439 509 4538 lugentes,
534 4464 675 4528 numam
698 4439 912 4540 liberosque,
937 4429 1112 4516 carissimo
1138 4439 1286 4539 coniuge
1311 4447 1347 4516 et
1368 4446 1467 4539 patre
1491 4441 1649 4532 orbatos,
1673 4441 1846 4543 bennone

329 4557 397 4641 Dei
418 4583 522 4635 curae
544 4560 846 4650 commandamus,
871 4583 961 4660 quae
981 4559 1201 4658 gravisdmos
1223 4583 1381 4660 quosque
1395 4560 1530 4637 dolores
1544 4562 1724 4640 sublevare
1739 4564 1843 4638 ssletl

377 4678 421 4762 Iu
454 4679 762 4770 commemorandis
794 4679 860 4770 iis,
896 4700 986 4779 quae
1020 4679 1228 4768 Academiae
1258 4663 1373 4757 untia
1399 4680 1620 4771 ceciderunt,
1649 4681 1707 4758 hic
1733 4681 1846 4756 subsi-

328 4802 433 4882 utum
485 4797 606 4884 Unum
637 4799 783 4898 ‚quidem
816 4807 994 4898 superest,
1029 4799 1143 4898 quod,
1180 4799 1209 4875 si
1240 4807 1358 4876 ratum
1390 4800 1508 4890 fieret,
1543 4821 1665 4881 omnes
1696 4823 1849 4882 moerore

1635 4915 1681 4992 5·
