<?xml version="1.0" encoding="UTF-8"?>
<!DOCTYPE html PUBLIC "-//W3C//DTD XHTML 1.0 Transitional//EN"
    "http://www.w3.org/TR/xhtml1/DTD/xhtml1-transitional.dtd">
<html xmlns="http://www.w3.org/1999/xhtml" xml:lang="en" lang="en">
 <head>
  <title>
</title>
<meta http-equiv="Content-Type" content="text/html;charset=utf-8" />
  <meta name='ocr-system' content='tesseract 3.04.00' />
  <meta name='ocr-capabilities' content='ocr_page ocr_carea ocr_par ocr_line ocrx_word'/>
</head>
<body>
  <div class='ocr_page' id='page_1' title='image "annalesacademic09unkngoog_0087.png"; bbox 0 0 4967 6175; ppageno 0'>
   <div class='ocr_carea' id='block_1_1' title="bbox 918 648 1819 763">
    <p class='ocr_par' dir='ltr' id='par_1_1' title="bbox 918 648 1819 763">
     <span class='ocr_line' id='line_1_1' title="bbox 918 648 1819 763; baseline 0.007 -6"><span class='ocrx_word' id='word_1_1' title='bbox 918 688 1196 759; x_wconf 78' lang='lat' dir='ltr'>ossrro.</span> <span class='ocrx_word' id='word_1_2' title='bbox 1267 648 1274 655; x_wconf 61' lang='grc'><strong>’</strong></span> <span class='ocrx_word' id='word_1_3' title='bbox 1776 696 1819 763; x_wconf 85' lang='lat' dir='ltr'>rr</span> 
     </span>
    </p>
   </div>
   <div class='ocr_carea' id='block_1_2' title="bbox 201 897 1869 4472">
    <p class='ocr_par' dir='ltr' id='par_1_2' title="bbox 201 897 1869 4472">
     <span class='ocr_line' id='line_1_2' title="bbox 294 897 1821 1001; baseline 0 -26"><span class='ocrx_word' id='word_1_4' title='bbox 294 898 435 1001; x_wconf 88' lang='lat' dir='ltr'>publice</span> <span class='ocrx_word' id='word_1_5' title='bbox 459 898 733 987; x_wconf 75' lang='lat' dir='ltr'>disserentibus,</span> <span class='ocrx_word' id='word_1_6' title='bbox 756 906 876 975; x_wconf 89' lang='lat' dir='ltr'>tantus</span> <span class='ocrx_word' id='word_1_7' title='bbox 896 898 1094 975; x_wconf 86' lang='lat' dir='ltr'>confluebat</span> <span class='ocrx_word' id='word_1_8' title='bbox 1115 897 1315 974; x_wconf 88' lang='lat' dir='ltr'>auditorum</span> <span class='ocrx_word' id='word_1_9' title='bbox 1336 921 1522 988; x_wconf 89' lang='lat' dir='ltr'>numerus,</span> <span class='ocrx_word' id='word_1_10' title='bbox 1546 904 1717 998; x_wconf 90' lang='lat' dir='ltr'>quantum</span> <span class='ocrx_word' id='word_1_11' title='bbox 1739 923 1821 1000; x_wconf 93' lang='lat' dir='ltr'>por·</span> 
     </span>
     <span class='ocr_line' id='line_1_3' title="bbox 293 1017 1820 1119; baseline -0.001 -24"><span class='ocrx_word' id='word_1_12' title='bbox 293 1019 384 1095; x_wconf 89' lang='lat' dir='ltr'>ticus</span> <span class='ocrx_word' id='word_1_13' title='bbox 404 1030 440 1095; x_wconf 89' lang='lat' dir='ltr'>et</span> <span class='ocrx_word' id='word_1_14' title='bbox 460 1018 718 1119; x_wconf 83' lang='lat' dir='ltr'>amphitheatra</span> <span class='ocrx_word' id='word_1_15' title='bbox 741 1017 898 1093; x_wconf 81' lang='lat' dir='ltr'>Parisino</span> <span class='ocrx_word' id='word_1_16' title='bbox 919 1042 1040 1117; x_wconf 88' lang='lat' dir='ltr'>cepere</span> <span class='ocrx_word' id='word_1_17' title='bbox 1064 1020 1121 1093; x_wconf 83' lang='lat' dir='ltr'>vix</span> <span class='ocrx_word' id='word_1_18' title='bbox 1142 1026 1312 1119; x_wconf 83' lang='lat' dir='ltr'>poterant</span> <span class='ocrx_word' id='word_1_19' title='bbox 1342 1017 1418 1093; x_wconf 91' lang='lat' dir='ltr'>Viri</span> <span class='ocrx_word' id='word_1_20' title='bbox 1440 1026 1476 1093; x_wconf 91' lang='lat' dir='ltr'>et</span> <span class='ocrx_word' id='word_1_21' title='bbox 1495 1018 1663 1107; x_wconf 87' lang='lat' dir='ltr'>feminae,</span> <span class='ocrx_word' id='word_1_22' title='bbox 1686 1018 1820 1095; x_wconf 90' lang='lat' dir='ltr'>nobiles</span> 
     </span>
     <span class='ocr_line' id='line_1_4' title="bbox 292 1136 1819 1243; baseline 0.001 -29"><span class='ocrx_word' id='word_1_23' title='bbox 292 1146 329 1214; x_wconf 90' lang='lat' dir='ltr'>st</span> <span class='ocrx_word' id='word_1_24' title='bbox 358 1136 550 1237; x_wconf 79' lang='lat' dir='ltr'>ignobiles,</span> <span class='ocrx_word' id='word_1_25' title='bbox 579 1160 702 1212; x_wconf 88' lang='lat' dir='ltr'>omnes</span> <span class='ocrx_word' id='word_1_26' title='bbox 730 1136 889 1225; x_wconf 89' lang='lat' dir='ltr'>omnino,</span> <span class='ocrx_word' id='word_1_27' title='bbox 909 1136 1054 1243; x_wconf 39' lang='lat' dir='ltr'>&#39;quibus</span> <span class='ocrx_word' id='word_1_28' title='bbox 1085 1145 1148 1213; x_wconf 90' lang='lat' dir='ltr'>aut</span> <span class='ocrx_word' id='word_1_29' title='bbox 1173 1137 1331 1212; x_wconf 89' lang='lat' dir='ltr'>discendi</span> <span class='ocrx_word' id='word_1_30' title='bbox 1353 1161 1449 1212; x_wconf 90' lang='lat' dir='ltr'>amor</span> <span class='ocrx_word' id='word_1_31' title='bbox 1471 1146 1545 1213; x_wconf 88' lang='lat' dir='ltr'>erat</span> <span class='ocrx_word' id='word_1_32' title='bbox 1567 1148 1631 1213; x_wconf 88' lang='lat' dir='ltr'>aut</span> <span class='ocrx_word' id='word_1_33' title='bbox 1651 1162 1741 1215; x_wconf 86' lang='lat' dir='ltr'>nova</span> <span class='ocrx_word' id='word_1_34' title='bbox 1764 1164 1819 1215; x_wconf 90' lang='lat' dir='ltr'>sc·</span> 
     </span>
     <span class='ocr_line' id='line_1_5' title="bbox 260 1255 1820 1359; baseline 0.001 -26"><span class='ocrx_word' id='word_1_35' title='bbox 260 1278 262 1285; x_wconf 79' lang='grc'><em>’</em></span> <span class='ocrx_word' id='word_1_36' title='bbox 292 1256 444 1356; x_wconf 89' lang='lat' dir='ltr'>cipiendi</span> <span class='ocrx_word' id='word_1_37' title='bbox 476 1256 626 1356; x_wconf 89' lang='lat' dir='ltr'>cupido,</span> <span class='ocrx_word' id='word_1_38' title='bbox 662 1255 863 1355; x_wconf 78' lang='lat' dir='ltr'>pendebant</span> <span class='ocrx_word' id='word_1_39' title='bbox 888 1280 931 1333; x_wconf 84' lang='lat' dir='ltr'>ex</span> <span class='ocrx_word' id='word_1_40' title='bbox 962 1280 1022 1332; x_wconf 91' lang='lat' dir='ltr'>cre</span> <span class='ocrx_word' id='word_1_41' title='bbox 1050 1280 1191 1346; x_wconf 89' lang='lat' dir='ltr'>eorum,</span> <span class='ocrx_word' id='word_1_42' title='bbox 1224 1256 1288 1355; x_wconf 91' lang='lat' dir='ltr'>qui</span> <span class='ocrx_word' id='word_1_43' title='bbox 1312 1264 1456 1332; x_wconf 89' lang='lat' dir='ltr'>naturae</span> <span class='ocrx_word' id='word_1_44' title='bbox 1482 1255 1720 1356; x_wconf 86' lang='lat' dir='ltr'>phoenomena</span> <span class='ocrx_word' id='word_1_45' title='bbox 1743 1283 1820 1359; x_wconf 90' lang='lat' dir='ltr'>per·</span> 
     </span>
     <span class='ocr_line' id='line_1_6' title="bbox 294 1374 1821 1477; baseline 0.004 -28"><span class='ocrx_word' id='word_1_46' title='bbox 294 1376 412 1476; x_wconf 88' lang='lat' dir='ltr'>spicue</span> <span class='ocrx_word' id='word_1_47' title='bbox 435 1374 765 1476; x_wconf 69' lang='lat' dir='ltr'>interpretabantur.</span> <span class='ocrx_word' id='word_1_48' title='bbox 816 1378 894 1451; x_wconf 89' lang='lat' dir='ltr'>lam</span> <span class='ocrx_word' id='word_1_49' title='bbox 917 1376 955 1450; x_wconf 94' lang='lat' dir='ltr'>in</span> <span class='ocrx_word' id='word_1_50' title='bbox 975 1376 1029 1451; x_wconf 92' lang='lat' dir='ltr'>bis</span> <span class='ocrx_word' id='word_1_51' title='bbox 1047 1376 1285 1465; x_wconf 80' lang='lat' dir='ltr'>consessibus,</span> <span class='ocrx_word' id='word_1_52' title='bbox 1309 1376 1372 1475; x_wconf 89' lang='lat' dir='ltr'>qui</span> <span class='ocrx_word' id='word_1_53' title='bbox 1389 1377 1647 1477; x_wconf 89' lang='lat' dir='ltr'>coniungebant</span> <span class='ocrx_word' id='word_1_54' title='bbox 1663 1378 1821 1455; x_wconf 90' lang='lat' dir='ltr'>hominos</span> 
     </span>
     <span class='ocr_line' id='line_1_7' title="bbox 292 1495 1821 1597; baseline 0.002 -26"><span class='ocrx_word' id='word_1_55' title='bbox 292 1508 394 1573; x_wconf 85' lang='lat' dir='ltr'>antea</span> <span class='ocrx_word' id='word_1_56' title='bbox 436 1496 610 1573; x_wconf 87' lang='lat' dir='ltr'>seiunctos</span> <span class='ocrx_word' id='word_1_57' title='bbox 639 1505 746 1595; x_wconf 88' lang='lat' dir='ltr'>atque</span> <span class='ocrx_word' id='word_1_58' title='bbox 780 1495 872 1573; x_wconf 90' lang='lat' dir='ltr'>inter</span> <span class='ocrx_word' id='word_1_59' title='bbox 903 1520 940 1570; x_wconf 90' lang='lat' dir='ltr'>ss</span> <span class='ocrx_word' id='word_1_60' title='bbox 966 1496 1125 1597; x_wconf 89' lang='lat' dir='ltr'>ignotos,</span> <span class='ocrx_word' id='word_1_61' title='bbox 1160 1496 1199 1571; x_wconf 92' lang='lat' dir='ltr'>id</span> <span class='ocrx_word' id='word_1_62' title='bbox 1224 1496 1416 1571; x_wconf 89' lang='lat' dir='ltr'>multorum</span> <span class='ocrx_word' id='word_1_63' title='bbox 1441 1496 1575 1573; x_wconf 86' lang='lat' dir='ltr'>animos</span> <span class='ocrx_word' id='word_1_64' title='bbox 1596 1498 1723 1588; x_wconf 92' lang='lat' dir='ltr'>subiit,</span> <span class='ocrx_word' id='word_1_65' title='bbox 1745 1523 1821 1574; x_wconf 89' lang='lat' dir='ltr'>osse</span> 
     </span>
     <span class='ocr_line' id='line_1_8' title="bbox 294 1614 1820 1718; baseline -0.001 -25"><span class='ocrx_word' id='word_1_66' title='bbox 294 1616 409 1693; x_wconf 86' lang='lat' dir='ltr'>maius</span> <span class='ocrx_word' id='word_1_67' title='bbox 445 1615 588 1716; x_wconf 89' lang='lat' dir='ltr'>aliquod</span> <span class='ocrx_word' id='word_1_68' title='bbox 623 1615 715 1691; x_wconf 88' lang='lat' dir='ltr'>inter</span> <span class='ocrx_word' id='word_1_69' title='bbox 743 1614 900 1691; x_wconf 89' lang='lat' dir='ltr'>homines</span> <span class='ocrx_word' id='word_1_70' title='bbox 928 1615 1112 1691; x_wconf 83' lang='lat' dir='ltr'>discrimen</span> <span class='ocrx_word' id='word_1_71' title='bbox 1146 1641 1208 1706; x_wconf 91' lang='lat' dir='ltr'>eo,</span> <span class='ocrx_word' id='word_1_72' title='bbox 1242 1616 1301 1692; x_wconf 91' lang='lat' dir='ltr'>cui</span> <span class='ocrx_word' id='word_1_73' title='bbox 1328 1616 1443 1692; x_wconf 90' lang='lat' dir='ltr'>adbuc</span> <span class='ocrx_word' id='word_1_74' title='bbox 1469 1617 1661 1718; x_wconf 90' lang='lat' dir='ltr'>plurimum</span> <span class='ocrx_word' id='word_1_75' title='bbox 1690 1617 1820 1693; x_wconf 90' lang='lat' dir='ltr'>tribue·</span> 
     </span>
     <span class='ocr_line' id='line_1_9' title="bbox 291 1733 1821 1838; baseline -0.001 -25"><span class='ocrx_word' id='word_1_76' title='bbox 291 1745 391 1827; x_wconf 85' lang='lat' dir='ltr'>runt,</span> <span class='ocrx_word' id='word_1_77' title='bbox 429 1736 582 1838; x_wconf 89' lang='lat' dir='ltr'>positum</span> <span class='ocrx_word' id='word_1_78' title='bbox 614 1735 703 1811; x_wconf 91' lang='lat' dir='ltr'>illud</span> <span class='ocrx_word' id='word_1_79' title='bbox 737 1733 775 1809; x_wconf 93' lang='lat' dir='ltr'>in</span> <span class='ocrx_word' id='word_1_80' title='bbox 808 1734 1026 1835; x_wconf 91' lang='lat' dir='ltr'>ingeniorum</span> <span class='ocrx_word' id='word_1_81' title='bbox 1050 1736 1149 1810; x_wconf 90' lang='lat' dir='ltr'>cultu</span> <span class='ocrx_word' id='word_1_82' title='bbox 1172 1743 1208 1811; x_wconf 89' lang='lat' dir='ltr'>ct</span> <span class='ocrx_word' id='word_1_83' title='bbox 1229 1736 1267 1810; x_wconf 93' lang='lat' dir='ltr'>in</span> <span class='ocrx_word' id='word_1_84' title='bbox 1289 1736 1451 1811; x_wconf 87' lang='lat' dir='ltr'>scientiae</span> <span class='ocrx_word' id='word_1_85' title='bbox 1476 1738 1600 1825; x_wconf 92' lang='lat' dir='ltr'>modo,</span> <span class='ocrx_word' id='word_1_86' title='bbox 1624 1762 1730 1837; x_wconf 90' lang='lat' dir='ltr'>quem</span> <span class='ocrx_word' id='word_1_87' title='bbox 1753 1736 1821 1813; x_wconf 89' lang='lat' dir='ltr'>sibi</span> 
     </span>
     <span class='ocr_line' id='line_1_10' title="bbox 299 1852 1821 1954; baseline 0.003 -25"><span class='ocrx_word' id='word_1_88' title='bbox 299 1855 450 1954; x_wconf 89' lang='lat' dir='ltr'>quisque</span> <span class='ocrx_word' id='word_1_89' title='bbox 472 1852 739 1952; x_wconf 73' lang='lat' dir='ltr'>comparaverit,</span> <span class='ocrx_word' id='word_1_90' title='bbox 766 1852 831 1927; x_wconf 90' lang='lat' dir='ltr'>boe</span> <span class='ocrx_word' id='word_1_91' title='bbox 857 1862 974 1927; x_wconf 89' lang='lat' dir='ltr'>autem</span> <span class='ocrx_word' id='word_1_92' title='bbox 1000 1853 1183 1929; x_wconf 83' lang='lat' dir='ltr'>discrimen</span> <span class='ocrx_word' id='word_1_93' title='bbox 1212 1854 1262 1929; x_wconf 91' lang='lat' dir='ltr'>ita</span> <span class='ocrx_word' id='word_1_94' title='bbox 1287 1880 1324 1929; x_wconf 92' lang='lat' dir='ltr'>se</span> <span class='ocrx_word' id='word_1_95' title='bbox 1351 1854 1497 1943; x_wconf 90' lang='lat' dir='ltr'>babere,</span> <span class='ocrx_word' id='word_1_96' title='bbox 1522 1865 1564 1931; x_wconf 87' lang='lat' dir='ltr'>ut</span> <span class='ocrx_word' id='word_1_97' title='bbox 1586 1857 1674 1931; x_wconf 91' lang='lat' dir='ltr'>nulli</span> <span class='ocrx_word' id='word_1_98' title='bbox 1693 1856 1821 1933; x_wconf 86' lang='lat' dir='ltr'>civium</span> 
     </span>
     <span class='ocr_line' id='line_1_11' title="bbox 293 1970 1819 2077; baseline 0.001 -28"><span class='ocrx_word' id='word_1_99' title='bbox 293 1973 408 2051; x_wconf 92' lang='lat' dir='ltr'>ordini</span> <span class='ocrx_word' id='word_1_100' title='bbox 449 1972 504 2047; x_wconf 87' lang='lat' dir='ltr'>via</span> <span class='ocrx_word' id='word_1_101' title='bbox 538 1972 585 2047; x_wconf 89' lang='lat' dir='ltr'>sit</span> <span class='ocrx_word' id='word_1_102' title='bbox 620 1970 799 2071; x_wconf 88' lang='lat' dir='ltr'>praeclusa</span> <span class='ocrx_word' id='word_1_103' title='bbox 830 1971 875 2046; x_wconf 90' lang='lat' dir='ltr'>ad</span> <span class='ocrx_word' id='word_1_104' title='bbox 912 1971 1002 2046; x_wconf 90' lang='lat' dir='ltr'>illud</span> <span class='ocrx_word' id='word_1_105' title='bbox 1038 1980 1101 2046; x_wconf 89' lang='lat' dir='ltr'>aut</span> <span class='ocrx_word' id='word_1_106' title='bbox 1137 1972 1367 2049; x_wconf 90' lang='lat' dir='ltr'>minuendum</span> <span class='ocrx_word' id='word_1_107' title='bbox 1396 1983 1458 2048; x_wconf 90' lang='lat' dir='ltr'>aut</span> <span class='ocrx_word' id='word_1_108' title='bbox 1485 1975 1588 2074; x_wconf 86' lang='lat' dir='ltr'>plane</span> <span class='ocrx_word' id='word_1_109' title='bbox 1616 1975 1819 2077; x_wconf 87' lang='lat' dir='ltr'>tollendum.</span> 
     </span>
     <span class='ocr_line' id='line_1_12' title="bbox 296 2089 1821 2194; baseline -0.002 -20"><span class='ocrx_word' id='word_1_110' title='bbox 296 2091 607 2175; x_wconf 79' lang='lat' dir='ltr'>Quemadmodum</span> <span class='ocrx_word' id='word_1_111' title='bbox 640 2101 760 2167; x_wconf 91' lang='lat' dir='ltr'>autem</span> <span class='ocrx_word' id='word_1_112' title='bbox 794 2089 853 2165; x_wconf 85' lang='lat' dir='ltr'>bic</span> <span class='ocrx_word' id='word_1_113' title='bbox 885 2090 955 2167; x_wconf 91' lang='lat' dir='ltr'>leni</span> <span class='ocrx_word' id='word_1_114' title='bbox 987 2090 1047 2165; x_wconf 87' lang='lat' dir='ltr'>ills</span> <span class='ocrx_word' id='word_1_115' title='bbox 1079 2098 1116 2166; x_wconf 93' lang='lat' dir='ltr'>et</span> <span class='ocrx_word' id='word_1_116' title='bbox 1145 2092 1273 2167; x_wconf 87' lang='lat' dir='ltr'>efficaci</span> <span class='ocrx_word' id='word_1_117' title='bbox 1299 2093 1523 2169; x_wconf 85' lang='lat' dir='ltr'>resistebatur</span> <span class='ocrx_word' id='word_1_118' title='bbox 1545 2094 1697 2183; x_wconf 87' lang='lat' dir='ltr'>ratione,</span> <span class='ocrx_word' id='word_1_119' title='bbox 1730 2120 1821 2194; x_wconf 87' lang='lat' dir='ltr'>quse</span> 
     </span>
     <span class='ocr_line' id='line_1_13' title="bbox 201 2208 1820 2313; baseline 0 -23"><span class='ocrx_word' id='word_1_120' title='bbox 201 2226 218 2247; x_wconf 72' lang='lat'>²</span> <span class='ocrx_word' id='word_1_121' title='bbox 292 2238 395 2290; x_wconf 88' lang='lat' dir='ltr'>sanae</span> <span class='ocrx_word' id='word_1_122' title='bbox 429 2211 559 2287; x_wconf 91' lang='lat' dir='ltr'>mentis</span> <span class='ocrx_word' id='word_1_123' title='bbox 588 2210 720 2287; x_wconf 92' lang='lat' dir='ltr'>iudicio</span> <span class='ocrx_word' id='word_1_124' title='bbox 753 2208 942 2309; x_wconf 91' lang='lat' dir='ltr'>plurimum</span> <span class='ocrx_word' id='word_1_125' title='bbox 976 2209 1139 2299; x_wconf 90' lang='lat' dir='ltr'>conlidit,</span> <span class='ocrx_word' id='word_1_126' title='bbox 1173 2212 1221 2287; x_wconf 90' lang='lat' dir='ltr'>ita</span> <span class='ocrx_word' id='word_1_127' title='bbox 1244 2212 1328 2287; x_wconf 90' lang='lat' dir='ltr'>alibi</span> <span class='ocrx_word' id='word_1_128' title='bbox 1351 2237 1453 2287; x_wconf 90' lang='lat' dir='ltr'>aures</span> <span class='ocrx_word' id='word_1_129' title='bbox 1475 2214 1708 2313; x_wconf 90' lang='lat' dir='ltr'>personabant</span> <span class='ocrx_word' id='word_1_130' title='bbox 1731 2214 1820 2291; x_wconf 83' lang='lat' dir='ltr'>roci·</span> 
     </span>
     <span class='ocr_line' id='line_1_14' title="bbox 291 2328 1820 2430; baseline 0.001 -21"><span class='ocrx_word' id='word_1_131' title='bbox 291 2334 359 2411; x_wconf 91' lang='lat' dir='ltr'>bus</span> <span class='ocrx_word' id='word_1_132' title='bbox 385 2356 526 2421; x_wconf 89' lang='lat' dir='ltr'>eorum,</span> <span class='ocrx_word' id='word_1_133' title='bbox 558 2329 621 2430; x_wconf 92' lang='lat' dir='ltr'>qui</span> <span class='ocrx_word' id='word_1_134' title='bbox 652 2330 690 2404; x_wconf 94' lang='lat' dir='ltr'>in</span> <span class='ocrx_word' id='word_1_135' title='bbox 713 2329 826 2430; x_wconf 91' lang='lat' dir='ltr'>ipsam</span> <span class='ocrx_word' id='word_1_136' title='bbox 850 2328 999 2406; x_wconf 87' lang='lat' dir='ltr'>civitatis</span> <span class='ocrx_word' id='word_1_137' title='bbox 1024 2328 1261 2405; x_wconf 90' lang='lat' dir='ltr'>condicionem</span> <span class='ocrx_word' id='word_1_138' title='bbox 1286 2331 1588 2408; x_wconf 87' lang='lat' dir='ltr'>vehementissime</span> <span class='ocrx_word' id='word_1_139' title='bbox 1611 2333 1820 2412; x_wconf 82' lang='lat' dir='ltr'>inveheban-</span> 
     </span>
     <span class='ocr_line' id='line_1_15' title="bbox 291 2449 1818 2555; baseline 0.001 -26"><span class='ocrx_word' id='word_1_140' title='bbox 291 2461 359 2531; x_wconf 87' lang='lat' dir='ltr'>tur.</span> <span class='ocrx_word' id='word_1_141' title='bbox 411 2454 632 2551; x_wconf 74' lang='grc' dir='ltr'><strong><em>Ἑταιριίας</em></strong></span> <span class='ocrx_word' id='word_1_142' title='bbox 663 2449 760 2537; x_wconf 84' lang='lat' dir='ltr'>volo,</span> <span class='ocrx_word' id='word_1_143' title='bbox 792 2472 814 2525; x_wconf 85' lang='lat' dir='ltr'>s</span> <span class='ocrx_word' id='word_1_144' title='bbox 838 2450 969 2527; x_wconf 89' lang='lat' dir='ltr'>rituum</span> <span class='ocrx_word' id='word_1_145' title='bbox 1003 2459 1040 2527; x_wconf 93' lang='lat' dir='ltr'>et</span> <span class='ocrx_word' id='word_1_146' title='bbox 1070 2450 1356 2526; x_wconf 88' lang='lat' dir='ltr'>caerimoniarum</span> <span class='ocrx_word' id='word_1_147' title='bbox 1382 2478 1499 2528; x_wconf 89' lang='lat' dir='ltr'>amore</span> <span class='ocrx_word' id='word_1_148' title='bbox 1526 2453 1563 2528; x_wconf 92' lang='lat' dir='ltr'>in</span> <span class='ocrx_word' id='word_1_149' title='bbox 1587 2454 1818 2555; x_wconf 89' lang='lat' dir='ltr'>Optimatium</span> 
     </span>
     <span class='ocr_line' id='line_1_16' title="bbox 291 2570 1821 2673; baseline 0.001 -24"><span class='ocrx_word' id='word_1_150' title='bbox 291 2573 417 2649; x_wconf 88' lang='lat' dir='ltr'>animis</span> <span class='ocrx_word' id='word_1_151' title='bbox 446 2570 664 2647; x_wconf 90' lang='lat' dir='ltr'>debilitando</span> <span class='ocrx_word' id='word_1_152' title='bbox 687 2592 846 2659; x_wconf 80' lang='lat' dir='ltr'>exossas,</span> <span class='ocrx_word' id='word_1_153' title='bbox 880 2596 1078 2671; x_wconf 91' lang='lat' dir='ltr'>progressas</span> <span class='ocrx_word' id='word_1_154' title='bbox 1102 2594 1202 2660; x_wconf 82' lang='lat' dir='ltr'>vero,</span> <span class='ocrx_word' id='word_1_155' title='bbox 1235 2570 1332 2646; x_wconf 83' lang='lat' dir='ltr'>brevi</span> <span class='ocrx_word' id='word_1_156' title='bbox 1355 2580 1436 2647; x_wconf 90' lang='lat' dir='ltr'>ante</span> <span class='ocrx_word' id='word_1_157' title='bbox 1459 2597 1576 2648; x_wconf 90' lang='lat' dir='ltr'>rerum</span> <span class='ocrx_word' id='word_1_158' title='bbox 1602 2573 1821 2673; x_wconf 90' lang='lat' dir='ltr'>publicarum</span> 
     </span>
     <span class='ocr_line' id='line_1_17' title="bbox 292 2688 1820 2788; baseline 0.001 -19"><span class='ocrx_word' id='word_1_159' title='bbox 292 2691 570 2780; x_wconf 86' lang='lat' dir='ltr'>conversionem,</span> <span class='ocrx_word' id='word_1_160' title='bbox 606 2689 653 2767; x_wconf 91' lang='lat' dir='ltr'>ad</span> <span class='ocrx_word' id='word_1_161' title='bbox 686 2688 763 2764; x_wconf 85' lang='lat' dir='ltr'>iura</span> <span class='ocrx_word' id='word_1_162' title='bbox 799 2688 950 2765; x_wconf 92' lang='lat' dir='ltr'>hominis</span> <span class='ocrx_word' id='word_1_163' title='bbox 983 2690 1222 2788; x_wconf 86' lang='lat' dir='ltr'>libertatisque</span> <span class='ocrx_word' id='word_1_164' title='bbox 1257 2692 1440 2767; x_wconf 86' lang='lat' dir='ltr'>commoda</span> <span class='ocrx_word' id='word_1_165' title='bbox 1472 2692 1678 2771; x_wconf 88' lang='lat' dir='ltr'>celebranda</span> <span class='ocrx_word' id='word_1_166' title='bbox 1710 2703 1747 2770; x_wconf 91' lang='lat' dir='ltr'>et</span> <span class='ocrx_word' id='word_1_167' title='bbox 1774 2695 1820 2771; x_wconf 88' lang='lat' dir='ltr'>od</span> 
     </span>
     <span class='ocr_line' id='line_1_18' title="bbox 290 2807 1818 2913; baseline 0.001 -25"><span class='ocrx_word' id='word_1_168' title='bbox 290 2810 593 2913; x_wconf 88' lang='lat' dir='ltr'>perstringendam</span> <span class='ocrx_word' id='word_1_169' title='bbox 625 2807 839 2883; x_wconf 85' lang='lat' dir='ltr'>diversorum</span> <span class='ocrx_word' id='word_1_170' title='bbox 871 2810 1047 2885; x_wconf 90' lang='lat' dir='ltr'>Ordinum</span> <span class='ocrx_word' id='word_1_171' title='bbox 1080 2809 1375 2911; x_wconf 86' lang='lat' dir='ltr'>inaequalitatem.</span> <span class='ocrx_word' id='word_1_172' title='bbox 1432 2812 1639 2888; x_wconf 86' lang='lat' dir='ltr'>Gratissima</span> <span class='ocrx_word' id='word_1_173' title='bbox 1661 2839 1744 2889; x_wconf 89' lang='lat' dir='ltr'>sane</span> <span class='ocrx_word' id='word_1_174' title='bbox 1765 2839 1818 2890; x_wconf 89' lang='lat' dir='ltr'>ar·</span> 
     </span>
     <span class='ocr_line' id='line_1_19' title="bbox 291 2928 1820 3033; baseline 0 -26"><span class='ocrx_word' id='word_1_175' title='bbox 291 2939 479 3033; x_wconf 91' lang='lat' dir='ltr'>gnments,</span> <span class='ocrx_word' id='word_1_176' title='bbox 516 2954 598 3005; x_wconf 82' lang='lat' dir='ltr'>mor</span> <span class='ocrx_word' id='word_1_177' title='bbox 632 2928 764 3029; x_wconf 89' lang='lat' dir='ltr'>ubique</span> <span class='ocrx_word' id='word_1_178' title='bbox 798 2928 1015 3005; x_wconf 87' lang='lat' dir='ltr'>sermonibus</span> <span class='ocrx_word' id='word_1_179' title='bbox 1052 2929 1287 3028; x_wconf 86' lang='lat' dir='ltr'>frequentata,</span> <span class='ocrx_word' id='word_1_180' title='bbox 1324 2952 1435 3026; x_wconf 90' lang='lat' dir='ltr'>eoque</span> <span class='ocrx_word' id='word_1_181' title='bbox 1474 2929 1521 3004; x_wconf 92' lang='lat' dir='ltr'>ad</span> <span class='ocrx_word' id='word_1_182' title='bbox 1554 2932 1820 3007; x_wconf 86' lang='lat' dir='ltr'>commovendos</span> 
     </span>
     <span class='ocr_line' id='line_1_20' title="bbox 292 3045 1818 3152; baseline 0 -25"><span class='ocrx_word' id='word_1_183' title='bbox 292 3052 428 3128; x_wconf 87' lang='lat' dir='ltr'>animos</span> <span class='ocrx_word' id='word_1_184' title='bbox 462 3048 670 3136; x_wconf 84' lang='lat' dir='ltr'>efficaciora,</span> <span class='ocrx_word' id='word_1_185' title='bbox 703 3069 774 3145; x_wconf 91' lang='lat' dir='ltr'>quo</span> <span class='ocrx_word' id='word_1_186' title='bbox 807 3047 970 3124; x_wconf 87' lang='lat' dir='ltr'>disertius</span> <span class='ocrx_word' id='word_1_187' title='bbox 999 3047 1333 3124; x_wconf 84' lang='lat' dir='ltr'>commendabantur</span> <span class='ocrx_word' id='word_1_188' title='bbox 1355 3045 1461 3123; x_wconf 89' lang='lat' dir='ltr'>rebus</span> <span class='ocrx_word' id='word_1_189' title='bbox 1488 3048 1525 3122; x_wconf 93' lang='lat' dir='ltr'>in</span> <span class='ocrx_word' id='word_1_190' title='bbox 1547 3050 1709 3126; x_wconf 82' lang='lat' dir='ltr'>Ameriae</span> <span class='ocrx_word' id='word_1_191' title='bbox 1733 3052 1818 3152; x_wconf 85' lang='lat' dir='ltr'>Sep·</span> 
     </span>
     <span class='ocr_line' id='line_1_21' title="bbox 293 3165 1817 3266; baseline 0.001 -22"><span class='ocrx_word' id='word_1_192' title='bbox 293 3169 501 3245; x_wconf 86' lang='lat' dir='ltr'>temtrionsli</span> <span class='ocrx_word' id='word_1_193' title='bbox 535 3166 732 3244; x_wconf 82' lang='lat' dir='ltr'>felicissime</span> <span class='ocrx_word' id='word_1_194' title='bbox 759 3166 878 3265; x_wconf 89' lang='lat' dir='ltr'>gestis.</span> <span class='ocrx_word' id='word_1_195' title='bbox 929 3165 1036 3247; x_wconf 80' lang='lat' dir='ltr'>Quod</span> <span class='ocrx_word' id='word_1_196' title='bbox 1065 3167 1170 3242; x_wconf 91' lang='lat' dir='ltr'>buius</span> <span class='ocrx_word' id='word_1_197' title='bbox 1200 3166 1353 3266; x_wconf 81' lang='lat' dir='ltr'>regionis</span> <span class='ocrx_word' id='word_1_198' title='bbox 1382 3167 1474 3242; x_wconf 85' lang='lat' dir='ltr'>cives</span> <span class='ocrx_word' id='word_1_199' title='bbox 1499 3194 1532 3243; x_wconf 87' lang='lat' dir='ltr'>a.</span> <span class='ocrx_word' id='word_1_200' title='bbox 1561 3193 1817 3246; x_wconf 84' lang='lat' dir='ltr'>croroccnxxvr</span> 
     </span>
     <span class='ocr_line' id='line_1_22' title="bbox 291 3285 1819 3392; baseline 0.001 -27"><span class='ocrx_word' id='word_1_201' title='bbox 291 3289 430 3392; x_wconf 87' lang='lat' dir='ltr'>publice</span> <span class='ocrx_word' id='word_1_202' title='bbox 464 3294 675 3375; x_wconf 87' lang='lat' dir='ltr'>statuerant,</span> <span class='ocrx_word' id='word_1_203' title='bbox 710 3309 888 3360; x_wconf 91' lang='lat' dir='ltr'>summum</span> <span class='ocrx_word' id='word_1_204' title='bbox 918 3285 1068 3362; x_wconf 86' lang='lat' dir='ltr'>civitatis</span> <span class='ocrx_word' id='word_1_205' title='bbox 1097 3286 1281 3362; x_wconf 88' lang='lat' dir='ltr'>consilium</span> <span class='ocrx_word' id='word_1_206' title='bbox 1309 3287 1463 3386; x_wconf 89' lang='lat' dir='ltr'>positum</span> <span class='ocrx_word' id='word_1_207' title='bbox 1496 3313 1572 3364; x_wconf 88' lang='lat' dir='ltr'>esse</span> <span class='ocrx_word' id='word_1_208' title='bbox 1605 3290 1643 3364; x_wconf 89' lang='lat' dir='ltr'>in</span> <span class='ocrx_word' id='word_1_209' title='bbox 1679 3291 1819 3366; x_wconf 90' lang='lat' dir='ltr'>tuendis</span> 
     </span>
     <span class='ocr_line' id='line_1_23' title="bbox 292 3405 1819 3511; baseline 0 -27"><span class='ocrx_word' id='word_1_210' title='bbox 292 3409 412 3511; x_wconf 89' lang='lat' dir='ltr'>populi</span> <span class='ocrx_word' id='word_1_211' title='bbox 441 3408 595 3497; x_wconf 89' lang='lat' dir='ltr'>iuribus,</span> <span class='ocrx_word' id='word_1_212' title='bbox 631 3431 675 3482; x_wconf 84' lang='lat' dir='ltr'>cx</span> <span class='ocrx_word' id='word_1_213' title='bbox 710 3405 831 3506; x_wconf 90' lang='lat' dir='ltr'>populi</span> <span class='ocrx_word' id='word_1_214' title='bbox 862 3405 1039 3482; x_wconf 87' lang='lat' dir='ltr'>voluntate</span> <span class='ocrx_word' id='word_1_215' title='bbox 1070 3429 1211 3482; x_wconf 90' lang='lat' dir='ltr'>manare</span> <span class='ocrx_word' id='word_1_216' title='bbox 1238 3431 1376 3496; x_wconf 91' lang='lat' dir='ltr'>eorum,</span> <span class='ocrx_word' id='word_1_217' title='bbox 1402 3408 1463 3506; x_wconf 91' lang='lat' dir='ltr'>qui</span> <span class='ocrx_word' id='word_1_218' title='bbox 1488 3407 1620 3483; x_wconf 87' lang='lat' dir='ltr'>civitati</span> <span class='ocrx_word' id='word_1_219' title='bbox 1646 3410 1819 3508; x_wconf 90' lang='lat' dir='ltr'>praesint,</span> 
     </span>
     <span class='ocr_line' id='line_1_24' title="bbox 292 3525 1820 3630; baseline -0.001 -26"><span class='ocrx_word' id='word_1_220' title='bbox 292 3537 499 3630; x_wconf 88' lang='lat' dir='ltr'>potestatem</span> <span class='ocrx_word' id='word_1_221' title='bbox 532 3527 733 3628; x_wconf 89' lang='lat' dir='ltr'>populoque</span> <span class='ocrx_word' id='word_1_222' title='bbox 765 3526 822 3600; x_wconf 92' lang='lat' dir='ltr'>ius</span> <span class='ocrx_word' id='word_1_223' title='bbox 849 3550 925 3602; x_wconf 88' lang='lat' dir='ltr'>esse</span> <span class='ocrx_word' id='word_1_224' title='bbox 952 3525 1131 3626; x_wconf 88' lang='lat' dir='ltr'>regiminis</span> <span class='ocrx_word' id='word_1_225' title='bbox 1158 3525 1328 3615; x_wconf 79' lang='lat' dir='ltr'>formam,</span> <span class='ocrx_word' id='word_1_226' title='bbox 1360 3526 1502 3601; x_wconf 91' lang='lat' dir='ltr'>consilio</span> <span class='ocrx_word' id='word_1_227' title='bbox 1524 3525 1576 3601; x_wconf 92' lang='lat' dir='ltr'>illi</span> <span class='ocrx_word' id='word_1_228' title='bbox 1603 3551 1673 3602; x_wconf 90' lang='lat' dir='ltr'>non</span> <span class='ocrx_word' id='word_1_229' title='bbox 1698 3552 1820 3603; x_wconf 86' lang='lat' dir='ltr'>conve·</span> 
     </span>
     <span class='ocr_line' id='line_1_25' title="bbox 292 3646 1819 3746; baseline 0 -21"><span class='ocrx_word' id='word_1_230' title='bbox 292 3650 469 3739; x_wconf 86' lang='lat' dir='ltr'>aientem,</span> <span class='ocrx_word' id='word_1_231' title='bbox 504 3647 550 3724; x_wconf 89' lang='lat' dir='ltr'>ad</span> <span class='ocrx_word' id='word_1_232' title='bbox 583 3671 659 3722; x_wconf 91' lang='lat' dir='ltr'>esm</span> <span class='ocrx_word' id='word_1_233' title='bbox 693 3646 856 3722; x_wconf 86' lang='lat' dir='ltr'>flectendi</span> <span class='ocrx_word' id='word_1_234' title='bbox 884 3647 1075 3736; x_wconf 89' lang='lat' dir='ltr'>rationem,</span> <span class='ocrx_word' id='word_1_235' title='bbox 1111 3673 1225 3746; x_wconf 88' lang='lat' dir='ltr'>aqua</span> <span class='ocrx_word' id='word_1_236' title='bbox 1248 3646 1393 3721; x_wconf 86' lang='lat' dir='ltr'>certiora</span> <span class='ocrx_word' id='word_1_237' title='bbox 1416 3654 1592 3745; x_wconf 84' lang='lat' dir='ltr'>exspectet</span> <span class='ocrx_word' id='word_1_238' title='bbox 1616 3671 1699 3723; x_wconf 90' lang='lat' dir='ltr'>suae</span> <span class='ocrx_word' id='word_1_239' title='bbox 1722 3673 1819 3724; x_wconf 89' lang='lat' dir='ltr'>secu·</span> 
     </span>
     <span class='ocr_line' id='line_1_26' title="bbox 292 3765 1819 3866; baseline -0.001 -21"><span class='ocrx_word' id='word_1_240' title='bbox 292 3771 388 3846; x_wconf 85' lang='lat' dir='ltr'>rituti</span> <span class='ocrx_word' id='word_1_241' title='bbox 420 3778 456 3844; x_wconf 88' lang='lat' dir='ltr'>et</span> <span class='ocrx_word' id='word_1_242' title='bbox 491 3767 647 3843; x_wconf 84' lang='lat' dir='ltr'>felicitati</span> <span class='ocrx_word' id='word_1_243' title='bbox 682 3766 853 3866; x_wconf 87' lang='lat' dir='ltr'>praesidia</span> <span class='ocrx_word' id='word_1_244' title='bbox 878 3769 930 3858; x_wconf 85' lang='lat'>¹):</span> <span class='ocrx_word' id='word_1_245' title='bbox 968 3807 1015 3824; x_wconf 89' lang='lat'><em>-</em></span> <span class='ocrx_word' id='word_1_246' title='bbox 1054 3766 1119 3842; x_wconf 90' lang='lat' dir='ltr'>boc</span> <span class='ocrx_word' id='word_1_247' title='bbox 1156 3766 1265 3866; x_wconf 89' lang='lat' dir='ltr'>igitur</span> <span class='ocrx_word' id='word_1_248' title='bbox 1295 3767 1445 3842; x_wconf 84' lang='lat' dir='ltr'>Francos</span> <span class='ocrx_word' id='word_1_249' title='bbox 1480 3765 1516 3840; x_wconf 93' lang='lat' dir='ltr'>in</span> <span class='ocrx_word' id='word_1_250' title='bbox 1554 3767 1819 3844; x_wconf 88' lang='lat' dir='ltr'>admirationem</span> 
     </span>
     <span class='ocr_line' id='line_1_27' title="bbox 296 3883 1821 3990; baseline 0 -26"><span class='ocrx_word' id='word_1_251' title='bbox 296 3896 479 3990; x_wconf 80' lang='lat' dir='ltr'>rapuerat,</span> <span class='ocrx_word' id='word_1_252' title='bbox 509 3886 575 3962; x_wconf 90' lang='lat' dir='ltr'>boc</span> <span class='ocrx_word' id='word_1_253' title='bbox 603 3908 836 3972; x_wconf 76' lang='lat' dir='ltr'>enarrarre,</span> <span class='ocrx_word' id='word_1_254' title='bbox 872 3883 1048 3959; x_wconf 84' lang='lat' dir='ltr'>Lutetiam</span> <span class='ocrx_word' id='word_1_255' title='bbox 1077 3883 1210 3972; x_wconf 83' lang='lat' dir='ltr'>delato,</span> <span class='ocrx_word' id='word_1_256' title='bbox 1236 3907 1408 3959; x_wconf 91' lang='lat' dir='ltr'>summam</span> <span class='ocrx_word' id='word_1_257' title='bbox 1430 3886 1586 3960; x_wconf 91' lang='lat' dir='ltr'>omnium</span> <span class='ocrx_word' id='word_1_258' title='bbox 1613 3887 1821 3964; x_wconf 86' lang='lat' dir='ltr'>benevolen-</span> 
     </span>
     <span class='ocr_line' id='line_1_28' title="bbox 297 4003 1819 4104; baseline -0.003 -18"><span class='ocrx_word' id='word_1_259' title='bbox 297 4011 382 4086; x_wconf 90' lang='lat' dir='ltr'>tiam</span> <span class='ocrx_word' id='word_1_260' title='bbox 406 4007 663 4096; x_wconf 86' lang='lat' dir='ltr'>conciliaverat,</span> <span class='ocrx_word' id='word_1_261' title='bbox 698 4007 762 4082; x_wconf 93' lang='lat' dir='ltr'>boc</span> <span class='ocrx_word' id='word_1_262' title='bbox 787 4004 975 4104; x_wconf 91' lang='lat' dir='ltr'>plurimos,</span> <span class='ocrx_word' id='word_1_263' title='bbox 1010 4004 1128 4080; x_wconf 88' lang='lat' dir='ltr'>relicta</span> <span class='ocrx_word' id='word_1_264' title='bbox 1149 4003 1277 4104; x_wconf 89' lang='lat' dir='ltr'>patris,</span> <span class='ocrx_word' id='word_1_265' title='bbox 1309 4004 1346 4078; x_wconf 93' lang='lat' dir='ltr'>in</span> <span class='ocrx_word' id='word_1_266' title='bbox 1368 4011 1480 4078; x_wconf 90' lang='lat' dir='ltr'>castra</span> <span class='ocrx_word' id='word_1_267' title='bbox 1502 4013 1661 4104; x_wconf 73' lang='lat' dir='ltr'>coegerat</span> <span class='ocrx_word' id='word_1_268' title='bbox 1683 4007 1819 4081; x_wconf 84' lang='lat' dir='ltr'>Ameri-</span> 
     </span>
     <span class='ocr_line' id='line_1_29' title="bbox 297 4122 1869 4224; baseline -0.004 -18"><span class='ocrx_word' id='word_1_269' title='bbox 297 4155 391 4206; x_wconf 83' lang='lat' dir='ltr'>csna</span> <span class='ocrx_word' id='word_1_270' title='bbox 427 4129 478 4204; x_wconf 91' lang='lat' dir='ltr'>Hi</span> <span class='ocrx_word' id='word_1_271' title='bbox 502 4136 621 4204; x_wconf 85' lang='lat' dir='ltr'>autem</span> <span class='ocrx_word' id='word_1_272' title='bbox 644 4126 772 4202; x_wconf 82' lang='lat' dir='ltr'>milites</span> <span class='ocrx_word' id='word_1_273' title='bbox 792 4136 828 4201; x_wconf 89' lang='lat' dir='ltr'>ct</span> <span class='ocrx_word' id='word_1_274' title='bbox 849 4126 1068 4200; x_wconf 89' lang='lat' dir='ltr'>centuriones</span> <span class='ocrx_word' id='word_1_275' title='bbox 1087 4124 1174 4223; x_wconf 91' lang='lat' dir='ltr'>quid</span> <span class='ocrx_word' id='word_1_276' title='bbox 1198 4125 1249 4197; x_wconf 93' lang='lat' dir='ltr'>ibi</span> <span class='ocrx_word' id='word_1_277' title='bbox 1277 4122 1479 4197; x_wconf 88' lang='lat' dir='ltr'>didicissent</span> <span class='ocrx_word' id='word_1_278' title='bbox 1503 4123 1714 4223; x_wconf 88' lang='lat' dir='ltr'>probarunt,</span> <span class='ocrx_word' id='word_1_279' title='bbox 1741 4133 1821 4224; x_wconf 91' lang='lat' dir='ltr'>post</span> <span class='ocrx_word' id='word_1_280' title='bbox 1865 4125 1869 4130; x_wconf 80' lang='grc'><strong>’</strong></span> 
     </span>
     <span class='ocr_line' id='line_1_30' title="bbox 297 4241 1820 4344; baseline -0.003 -19"><span class='ocrx_word' id='word_1_281' title='bbox 297 4249 485 4325; x_wconf 88' lang='lat' dir='ltr'>stabilitam</span> <span class='ocrx_word' id='word_1_282' title='bbox 501 4246 701 4322; x_wconf 88' lang='lat' dir='ltr'>colonorum</span> <span class='ocrx_word' id='word_1_283' title='bbox 721 4243 989 4344; x_wconf 90' lang='lat' dir='ltr'>rempublicam,</span> <span class='ocrx_word' id='word_1_284' title='bbox 1008 4242 1044 4317; x_wconf 91' lang='lat' dir='ltr'>in</span> <span class='ocrx_word' id='word_1_285' title='bbox 1062 4241 1239 4317; x_wconf 82' lang='lat' dir='ltr'>Franciam</span> <span class='ocrx_word' id='word_1_286' title='bbox 1259 4241 1395 4317; x_wconf 88' lang='lat' dir='ltr'>reversi.</span> <span class='ocrx_word' id='word_1_287' title='bbox 1420 4242 1514 4317; x_wconf 90' lang='lat' dir='ltr'>Nam</span> <span class='ocrx_word' id='word_1_288' title='bbox 1535 4243 1820 4320; x_wconf 63' lang='lat' dir='ltr'>&amp;coelectorum</span> 
     </span>
     <span class='ocr_line' id='line_1_31' title="bbox 296 4362 1748 4472; baseline -0.003 -27"><span class='ocrx_word' id='word_1_289' title='bbox 296 4369 433 4472; x_wconf 89' lang='lat' dir='ltr'>pondus</span> <span class='ocrx_word' id='word_1_290' title='bbox 457 4367 642 4454; x_wconf 83' lang='lat' dir='ltr'>addentes,</span> <span class='ocrx_word' id='word_1_291' title='bbox 667 4373 888 4442; x_wconf 84' lang='lat' dir='ltr'>maturarunt</span> <span class='ocrx_word' id='word_1_292' title='bbox 911 4388 970 4454; x_wconf 90' lang='lat' dir='ltr'>es,</span> <span class='ocrx_word' id='word_1_293' title='bbox 996 4385 1145 4461; x_wconf 92' lang='lat' dir='ltr'>quorum</span> <span class='ocrx_word' id='word_1_294' title='bbox 1174 4362 1304 4462; x_wconf 91' lang='lat' dir='ltr'>cupido</span> <span class='ocrx_word' id='word_1_295' title='bbox 1328 4363 1463 4438; x_wconf 90' lang='lat' dir='ltr'>dudum</span> <span class='ocrx_word' id='word_1_296' title='bbox 1490 4364 1680 4441; x_wconf 86' lang='lat' dir='ltr'>invaluerat</span> <span class='ocrx_word' id='word_1_297' title='bbox 1703 4369 1748 4460; x_wconf 74' lang='lat'>⁸).</span> 
     </span>
    </p>
   </div>
   <div class='ocr_carea' id='block_1_3' title="bbox 297 4665 1819 4947">
    <p class='ocr_par' dir='ltr' id='par_1_3' title="bbox 297 4665 1819 4947">
     <span class='ocr_line' id='line_1_32' title="bbox 340 4665 1464 4752; baseline -0.009 -13"><span class='ocrx_word' id='word_1_298' title='bbox 340 4679 366 4752; x_wconf 89' lang='lat'>¹)</span> <span class='ocrx_word' id='word_1_299' title='bbox 396 4673 719 4750; x_wconf 66' lang='lat' dir='ltr'>aesomnium</span> <span class='ocrx_word' id='word_1_300' title='bbox 739 4674 778 4748; x_wconf 72' lang='lat' dir='ltr'>cf</span> <span class='ocrx_word' id='word_1_301' title='bbox 791 4671 838 4732; x_wconf 73' lang='lat' dir='ltr'>tto</span> <span class='ocrx_word' id='word_1_302' title='bbox 865 4670 966 4730; x_wconf 77' lang='lat' dir='ltr'>United</span> <span class='ocrx_word' id='word_1_303' title='bbox 984 4672 1094 4740; x_wconf 69' lang='lat' dir='ltr'>Stator,</span> <span class='ocrx_word' id='word_1_304' title='bbox 1117 4666 1160 4728; x_wconf 87' lang='lat' dir='ltr'>ed.</span> <span class='ocrx_word' id='word_1_305' title='bbox 1180 4665 1272 4728; x_wconf 82' lang='lat' dir='ltr'>bond.</span> <span class='ocrx_word' id='word_1_306' title='bbox 1294 4668 1368 4738; x_wconf 86' lang='lat' dir='ltr'>VII,</span> <span class='ocrx_word' id='word_1_307' title='bbox 1392 4672 1464 4729; x_wconf 79' lang='lat'><strong>800.</strong></span> 
     </span>
     <span class='ocr_line' id='line_1_33' title="bbox 324 4761 1819 4850; baseline -0.011 -15"><span class='ocrx_word' id='word_1_308' title='bbox 324 4773 365 4847; x_wconf 65' lang='lat'>,¹)</span> <span class='ocrx_word' id='word_1_309' title='bbox 395 4771 499 4850; x_wconf 70' lang='lat' dir='ltr'>Atdgi,</span> <span class='ocrx_word' id='word_1_310' title='bbox 521 4787 591 4849; x_wconf 84' lang='lat' dir='ltr'>quse</span> <span class='ocrx_word' id='word_1_311' title='bbox 610 4789 646 4848; x_wconf 81' lang='lat' dir='ltr'>ex</span> <span class='ocrx_word' id='word_1_312' title='bbox 662 4767 788 4849; x_wconf 86' lang='lat' dir='ltr'>plurimis</span> <span class='ocrx_word' id='word_1_313' title='bbox 806 4766 879 4828; x_wconf 80' lang='lat' dir='ltr'>illius</span> <span class='ocrx_word' id='word_1_314' title='bbox 899 4766 1031 4847; x_wconf 84' lang='lat' dir='ltr'>temporis</span> <span class='ocrx_word' id='word_1_315' title='bbox 1050 4765 1159 4846; x_wconf 87' lang='lat' dir='ltr'>scriptis</span> <span class='ocrx_word' id='word_1_316' title='bbox 1180 4765 1279 4826; x_wconf 68' lang='lat' dir='ltr'>banda</span> <span class='ocrx_word' id='word_1_317' title='bbox 1295 4762 1445 4840; x_wconf 83' lang='lat' dir='ltr'>diligenter</span> <span class='ocrx_word' id='word_1_318' title='bbox 1460 4761 1725 4844; x_wconf 79' lang='lat' dir='ltr'>exposuitsucraa,</span> <span class='ocrx_word' id='word_1_319' title='bbox 1750 4762 1819 4820; x_wconf 79' lang='lat' dir='ltr'>Ilis-</span> 
     </span>
     <span class='ocr_line' id='line_1_34' title="bbox 297 4849 1027 4947; baseline -0.005 -19"><span class='ocrx_word' id='word_1_320' title='bbox 297 4849 362 4947; x_wconf 63' lang='lat' dir='ltr'>ior,</span> <span class='ocrx_word' id='word_1_321' title='bbox 381 4871 420 4945; x_wconf 72' lang='lat' dir='ltr'>af</span> <span class='ocrx_word' id='word_1_322' title='bbox 433 4865 605 4930; x_wconf 69' lang='lat' dir='ltr'>samue·</span> <span class='ocrx_word' id='word_1_323' title='bbox 622 4863 653 4925; x_wconf 74' lang='lat' dir='ltr'>s·</span> <span class='ocrx_word' id='word_1_324' title='bbox 667 4863 811 4939; x_wconf 62' lang='lat' dir='ltr'>nomn,</span> <span class='ocrx_word' id='word_1_325' title='bbox 831 4863 864 4934; x_wconf 91' lang='lat'>1,</span> <span class='ocrx_word' id='word_1_326' title='bbox 886 4862 939 4922; x_wconf 82' lang='lat' dir='ltr'>cn.</span> <span class='ocrx_word' id='word_1_327' title='bbox 960 4879 1027 4924; x_wconf 79' lang='lat' dir='ltr'>nv.</span> 
     </span>
    </p>
   </div>
   <div class='ocr_carea' id='block_1_4' title="bbox 0 0 2490 6164">
    <p class='ocr_par' dir='ltr' id='par_1_4' title="bbox 0 0 2490 6164">
     <span class='ocr_line' id='line_1_35' title="bbox 0 0 2490 6164; baseline 0 0"><span class='ocrx_word' id='word_1_328' title='bbox 0 0 2490 6164; x_wconf 95' lang='lat' dir='ltr'> </span> 
     </span>
    </p>
   </div>
  </div>
 </body>
</html>
