4967 6175
517 1489 751 1550 coronulas
774 1488 1069 1550 GRONINGANAE
1092 1490 1340 1562 CURATORES‚
1364 1491 1446 1550 VIBI
1469 1490 1713 1551 AMPLISSIMII

520 1613 593 1674 uul
614 1614 681 1674 ffls
700 1615 752 1676 AB
773 1614 886 1674 AGTIS
907 1615 969 1685 ΕΒ,
992 1615 1060 1674 VIR
1081 1616 1337 1678 Guavlssfflar

520 1739 757 1800 QUABUIIVIS
792 1739 1104 1800 DISCIPLINABUM
1136 1739 1420 1810 reuirescens,
1448 1740 1533 1799 VIIII
1559 1739 1798 1812 cnssrssrm,

560 1839 769 1901 conducas
790 1840 1136 1902 CONIUNCTISSIMII

517 1964 640 2026 HUIUS
659 1965 893 2026 neronianas
915 1965 1045 2036 ulvas,
1066 1965 1239 2026 levamus
1259 1965 1497 2028 nscrrsslassr

517 2088 802 2154 CUIUSCUMQUE
823 2089 987 2152 ORDINIS
1003 2091 1055 2150 ET
1071 2090 1165 2150 Locl
1173 2134 1182 2163 ,
1201 2090 1426 2152 AUDITORES
1443 2089 1762 2152 uxorrarlssmrr

327 2487 401 2560 Lex
422 2485 536 2575 iubet,
564 2495 603 2560 ut
622 2487 750 2562 Rector
772 2488 1002 2588 Magnificus,
1026 2487 1234 2562 Academiae
1259 2487 1369 2563 fasces
1392 2485 1588 2585 deponens,
1614 2486 1800 2586 quotannis

279 2606 384 2680 huius
408 2605 644 2681 Institutionis
667 2605 739 2682 nu
759 2631 822 2707 per
842 2633 974 2683 annum
992 2607 1148 2707 elapsum
1171 2606 1316 2706 antiquo
1331 2629 1427 2682 more
1445 2614 1482 2682 et
1498 2606 1625 2682 Iatiao
1644 2629 1800 2684 sermone

278 2733 423 2800 enarret.
1264 2791 1270 2803 .

325 2841 473 2918 Gaudeo
497 2867 554 2918 me
581 2841 652 2919 fata
679 2842 747 2918 ista
778 2842 977 2918 brevissime
1008 2867 1108 2942 posse
1131 2843 1312 2943 complecti
1319 2877 1329 2934 ς
1356 2846 1450 2944 quod
1474 2844 1684 2921 Academiae
1707 2845 1798 2921 cirea

277 2971 385 3062 atque
415 2962 588 3038 antistites
623 2962 767 3051 attinet,
800 2962 870 3039 fere
900 2962 1019 3039 aerbo:
1053 2986 1173 3038 omnes
1202 2988 1266 3064 per
1288 2964 1381 3040 huno
1403 2989 1536 3040 annum
1559 2964 1671 3040 salros
1693 2972 1799 3063 atquo

277 3082 468 3159 incolumes
490 3081 670 3159 mansisse.
722 3083 868 3159 Gaudeo
891 3082 1100 3159 Academiae
1123 3082 1309 3158 Curatores
1328 3083 1459 3185 quique
1481 3083 1562 3161 haio
1587 3084 1731 3185 collegio
1753 3084 1799 3161 ab

278 3204 364 3281 actis
392 3212 446 3279 est
478 3204 623 3304 sospites
653 3204 831 3280 mansure.
871 3204 1018 3280 Gaudeo
1043 3204 1257 3280 Professores
1277 3211 1386 3305 atque
1409 3205 1620 3281 Academiae
1641 3206 1800 3282 alumnos

278 3348 496 3425 perannum
523 3323 598 3398 sine
621 3322 871 3423 impedimento
895 3322 1021 3399 studiis
1043 3322 1222 3422 inuigilare
1248 3324 1413 3423 potuisse.

326 3444 496 3519 Dolemas
524 3450 640 3519 autem
675 3443 799 3519 Virum
823 3442 941 3543 Ampl.
967 3465 1042 3518 vara
1072 3466 1203 3518 sorana
1231 3468 1380 3532 nurum,
1408 3442 1510 3519 Viros
1532 3443 1623 3519 Clar.
1648 3466 1800 3519 nrssrur

278 3586 411 3639 masan
433 3571 468 3637 et
491 3586 639 3637 saorra
659 3572 824 3651 matrem,
850 3561 951 3637 Viros
974 3562 1063 3637 Glar.
1082 3584 1270 3652 aaaron,
1295 3586 1491 3638 arenosas
1512 3570 1548 3637 et
1569 3586 1800 3639 rouerrnnosr

279 3707 435 3759 socerum
454 3682 620 3759 amisisse.
672 3681 762 3757 Cum
790 3683 873 3759 Viro
895 3682 1012 3782 Ampl.
1038 3706 1114 3758 vare
1136 3706 1267 3759 aornar
1290 3692 1326 3761 et
1343 3682 1484 3785 collegis
1501 3683 1802 3761 aestumatissimis

281 3803 376 3879 triste
402 3801 514 3877 fatum
539 3826 581 3876 er
604 3802 719 3877 animo
745 3801 917 3901 lugemus.

328 3924 401 4012 Te,
432 3922 495 3996 Vir
517 3921 608 3997 Glar.
630 3944 845 4011 mannasse,
878 3921 1095 4022 gratulamur
1125 3920 1190 3995 tibi
1215 3922 1378 4021 largitum
1405 3947 1482 3998 essa
1504 3924 1621 3998 Deam
1644 3924 1714 3997 iam
1741 3946 1803 4022 per

280 4043 436 4141 quinque
465 4042 575 4114 lustra
602 4039 830 4116 institutionis
859 4040 1069 4140 theologicae
1104 4040 1140 4114 ia
1167 4042 1433 4140 Franeqnerano
1455 4042 1538 4117 olim
1563 4042 1744 4118 Athenaeo
1765 4050 1803 4115 ot

280 4162 316 4237 in
349 4161 452 4235 hacce
481 4168 599 4234 nostra
631 4158 747 4234 schola
775 4161 927 4235 officium
948 4160 1085 4259 explere
1110 4158 1456 4258 praestantissimum.
1506 4162 1627 4237 Servat
1645 4170 1682 4237 te
1707 4164 1803 4238 Deus

281 4280 324 4356 Ο.
340 4282 393 4355 Μ.
418 4280 633 4380 perlongum
654 4278 758 4353 etiam
777 4301 945 4353 annorum
969 4278 1091 4352 seriem
1113 4277 1148 4351 in
1170 4276 1317 4351 salutem
1337 4287 1409 4353 tam
1425 4278 1634 4355 Academiae
1647 4288 1803 4371 nostrae,

281 4425 388 4501 quam
425 4398 579 4475 muneris
616 4399 829 4499 graviadmi,
866 4398 960 4497 quod
996 4398 1211 4473 iuventutem
1248 4396 1363 4473 verbis
1392 4421 1463 4473 noa
1493 4406 1652 4489 tantum,
1685 4424 1805 4477 aarum

281 4522 385 4595 etiam
413 4518 502 4594 ritae
527 4528 609 4594 tuae
633 4518 791 4618 exemplo
815 4518 929 4593 doces.

330 4638 429 4728 Tibi,
455 4638 546 4715 Glar.
571 4660 825 4726 rorensium,
850 4638 959 4713 bonor
978 4634 1124 4737 contigit
1144 4636 1296 4737 duplex,
1312 4636 1407 4736 quod
1422 4636 1530 4737 Regis
1544 4636 1678 4737 Belgioi
1690 4638 1805 4715 Iasona

282 4759 425 4835 Ordinis
456 4756 661 4857 leopoldini
695 4758 812 4856 Eques
846 4765 881 4832 et
911 4755 1043 4832 civium
1073 4755 1248 4856 suffragiis
1281 4756 1380 4832 urbis
1413 4766 1550 4833 nostrae
1582 4756 1728 4833 Senator
1757 4758 1806 4834 sia

282 4882 423 4957 alectus.
473 4880 549 4955 'l'ua
573 4888 609 4955 et
632 4878 841 4955 Academiae
863 4900 969 4951 causa
992 4882 1108 4951 tecum
1134 4875 1313 4951 laetamur.
1477 4884 1481 4891 '

1565 4940 1636 5067 ai·
