4967 6175
905 692 1140 762 SERMO.
1720 691 1784 758 137

254 896 405 974 estsine
436 894 586 971 universi
611 894 831 994 cognitione’'
861 901 903 989 ¹).
956 899 1141 1000 Quidquid
1165 910 1236 988 est,
1261 899 1542 999 praeceptoribus
1563 897 1784 975 admirationi

253 1027 327 1095 erat
349 1039 459 1117 eaque
483 1015 609 1105 crevit,
637 1015 805 1115 scriptae
828 1017 952 1093 iuvene
973 1017 1097 1118 viginti
1119 1043 1292 1096 annorum
1315 1021 1488 1118 praeclara
1515 1020 1575 1095 illa
1597 1018 1642 1094 de
1662 1020 1782 1118 hypro-

254 1140 372 1214 metro
400 1133 711 1224 commentatione,
743 1159 832 1233 quae
866 1159 936 1210 non
969 1145 1108 1214 tentum
1130 1140 1167 1214 iu
1191 1139 1378 1214 certamina
1402 1140 1567 1216 leidensi
1589 1139 1782 1238 praemium

254 1256 460 1357 reportavit,
497 1277 616 1328 verum
654 1255 757 1330 etiam
795 1264 930 1332 exteros
967 1265 1069 1332 nacto
1100 1267 1153 1334 est
1185 1258 1330 1340 landum
1358 1283 1500 1336 suarum
1526 1283 1710 1359 praecones
1733 1262 1779 1351 ⁸).

255 1379 394 1452 Interea
427 1375 472 1450 ad
504 1373 715 1450 Medicinam
741 1383 951 1468 accesserat,
976 1401 1170 1477 numquam
1193 1377 1454 1477 disciplinarum
1482 1378 1644 1453 varietate
1670 1377 1779 1476 impe·

255 1497 362 1572 ditus.
396 1494 468 1570 Hic
487 1517 627 1593 quoque
647 1494 740 1570 lente
760 1495 964 1585 festinabat,
984 1498 1269 1597 progrediebatur
1288 1498 1452 1587 firmiter,
1479 1520 1654 1586 sacoma,
1679 1497 1780 1572 cuius

256 1617 383 1715 scripta
406 1613 547 1714 plurimi
567 1611 732 1704 iaciebat,
757 1638 932 1716 quemque
951 1617 1026 1716 ipse
1053 1618 1236 1693 affirmavit
1264 1626 1409 1694 naturae
1429 1619 1584 1694 locutum
1607 1641 1683 1692 esse
1708 1641 1779 1718 non

254 1734 405 1811 hominis
437 1755 539 1821 voce,
573 1732 727 1808 canorus
753 1735 862 1834 igitur
889 1742 1068 1834 tamquam
1104 1737 1206 1812 amici
1231 1737 1393 1814 fidissimi
1421 1737 1553 1813 monito
1575 1737 1777 1813 roboratus:

259 1855 409 1942 rhomo,
443 1859 587 1927 naturae
612 1853 769 1929 minister
795 1863 830 1928 et
854 1854 1042 1955 interpres,
1068 1863 1205 1931 tantum
1227 1854 1310 1931 lacit
1333 1865 1369 1931 et
1393 1856 1580 1956 iutelligit,
1605 1863 1777 1955 quantum

256 1972 299 2050 de
319 1981 464 2051 naturae
482 1972 602 2047 ordine
623 1997 659 2048 re
682 1972 737 2048 vel
755 1982 871 2048 mente
893 1972 1144 2064 observaverit,
1170 1999 1234 2050 nec
1256 1975 1405 2074 amplius
1428 1976 1493 2050 scit
1507 1983 1570 2051 aut
1583 1978 1778 2076 potest”³).

254 2098 287 2171 A
315 2119 392 2183 me,
424 2091 676 2168 commilitones
707 2093 850 2193 optimi,
876 2092 997 2168 herum
1021 2117 1144 2200 rerum
1162 2094 1342 2194 imperito,
1367 2094 1463 2170 haud
1489 2095 1691 2195 postulatis,
1717 2102 1778 2185 nt,

254 2214 384 2316 quibus
410 2211 598 2313 gradibus,
631 2235 703 2310 quo
734 2212 1052 2287 laudatissimorum
1082 2223 1345 2313 praeceptorum
1367 2215 1515 2304 auxilio,
1541 2239 1611 2314 qua
1636 2223 1780 2291 naturae

255 2333 481 2412 sciscitandos
509 2330 690 2429 diligentia
720 2353 963 2407 surculosus
990 2334 1013 2408 ὁ
1037 2333 1256 2428 φιλαλήθης
1275 2334 1320 2410 od
1346 2336 1522 2435 egregiam
1547 2335 1678 2410 Medici
1702 2359 1779 2434 spe-

255 2455 345 2532 ciem
379 2450 582 2538 tetenderit,
614 2451 669 2525 vel
696 2450 810 2526 obiter
844 2475 1026 2551 exponam.
1077 2453 1156 2528 Hoc
1183 2454 1372 2551 peritorum
1395 2455 1553 2531 iudicum
1576 2455 1780 2530 auctoritate

254 2576 424 2650 affirmare
444 2576 614 2670 praestat,
640 2593 741 2660 eum,
769 2570 836 2646 nisi
859 2572 953 2670 regia
975 2570 1033 2645 ille
1059 2572 1113 2646 via
1132 2597 1373 2673 progressum,
1400 2575 1446 2650 ad
1470 2598 1625 2649 summos
1645 2575 1682 2648 in
1702 2574 1779 2649 Mc·

255 2693 371 2770 dicina
398 2693 544 2767 honores
566 2691 827 2790 consequendos
850 2690 945 2765 haud
971 2690 1181 2792 scripturum
1204 2693 1312 2769 luisse
1337 2694 1520 2793 Speciman
1544 2695 1634 2770 illud
1658 2694 1778 2769 Histo-

255 2810 524 2890 riae-Medicum
563 2811 606 2884 de
652 2811 814 2886 Ololerae
851 2801 1027 2886 Auctione
1056 2815 1182 2888 itinere
1207 2839 1277 2910 per
1309 2815 1468 2913 Belgium
1506 2814 1780 2914 squameae

257 2936 304 3011 a⁰.
347 2932 602 3007 leet-1834.
652 2931 766 3021 Nam,
804 2938 844 3005 ut
877 2929 1019 3005 historia
1049 2929 1331 3028 Epidemiarum‚
1366 2955 1457 3030 quae
1487 2937 1524 3006 ot
1554 2932 1714 3032 gentium
1746 2936 1782 3006 ct

257 3053 368 3155 ipsius
400 3048 625 3127 humanitatis
658 3048 819 3126 historias
850 3074 940 3125 nexo
975 3056 1048 3138 est,
1087 3049 1124 3123 in
1162 3049 1373 3127 difficillimis
1411 3056 1573 3127 censetur
1607 3050 1783 3127 doctrinae

259 3173 419 3250 Medicas
446 3168 679 3272 argumentis,
710 3172 760 3253 ita
790 3172 835 3247 ad
861 3171 1027 3247 (thaleros
1052 3171 1231 3247 historiam
1255 3178 1413 3248 accurate
1438 3172 1667 3249 cremandam
1692 3196 1783 3249 anno

263 3296 356 3369 1885
384 3292 473 3367 uam
498 3300 636 3367 tuntum
661 3314 730 3367 nou
755 3289 1025 3391 praecludebant
1051 3291 1175 3390 iugens
1200 3290 1446 3391 hypothesium
1466 3292 1622 3368 conlusio
1647 3300 1784 3368 atvero

260 3412 559 3500 observationum,
592 3434 682 3509 qnae
709 3412 752 3487 de
780 3412 891 3487 morbi
924 3410 1040 3488 indole
1068 3418 1104 3485 et
1125 3411 1365 3510 progressione
1388 3411 1630 3502 innotuerant,
1655 3413 1784 3512 partim

260 3532 473 3634 negligentia
497 3530 623 3631 partim
646 3554 715 3605 non
735 3530 780 3606 od
805 3556 979 3609 summam
1002 3532 1109 3607 fidem
1130 3538 1251 3607 exacta
1278 3529 1459 3631 diligentia
1481 3531 1528 3623 ⁴).
1577 3531 1710 3608 Verum
1729 3532 1784 3607 his

262 3652 525 3729 difficultatibus
557 3674 626 3726 uon
657 3650 841 3728 deterritus
871 3674 1134 3740 accamanus,
1170 3652 1327 3727 ahcuter
1349 3675 1474 3727 manus
1498 3651 1595 3751 operi
1619 3653 1783 3731 admovit.

261 3772 445 3873 Epidemia
478 3771 511 3845 ei
540 3778 614 3845 erat
637 3780 781 3847 naturae
804 3772 1079 3871 phaenomenon.
1128 3768 1325 3845 Audiamus
1351 3770 1481 3869 ipsum.
1536 3770 1704 3862 nAliam,
1729 3773 1784 3847 in·

264 3894 360 3994 quit,
394 3902 573 3991 superesse
602 3890 696 3966 viam
724 3890 904 3980 existimo,
938 3914 1028 3989 quae
1050 3888 1147 3964 omni
1168 3888 1336 3987 Physioas
1357 3889 1506 3988 ideoque
1530 3898 1566 3965 et
1589 3891 1786 3967 Medicinae

262 4012 477 4099 communis,
502 4034 573 4085 una
594 4034 672 4085 vera
697 4011 856 4087 habenda
880 4018 952 4099 ert,
980 4017 1021 4085 ut
1039 4008 1166 4084 scilicet
1186 4009 1307 4084 sedulo
1330 4016 1367 4084 et
1390 4018 1547 4085 accurate
1567 4011 1786 4110 particularia

308 4287 333 4368 ¹)
361 4290 563 4348 Vonssanrmrv
584 4304 624 4348 ure
644 4306 725 4349 aens
744 4288 774 4348 ἐκ
798 4288 907 4347 Calena.
926 4288 1005 4346 seur.
1029 4286 1147 4346 Italam.
1168 4306 1193 4345 a.
1218 4288 1293 4346 1841
1316 4308 1343 4367 p.
1364 4290 1432 4347 184.

309 4386 336 4461 ¹)
366 4385 490 4447 Censura
516 4403 544 4444 r.
563 4403 588 4443 o.
617 4388 659 4445 eet
685 4384 714 4444 iu
742 4383 869 4445 naua.
896 4385 996 4444 Jahrb.
1019 4403 1044 4443 a.
1068 4386 1146 4443 1888
1167 4384 1211 4443 n⁰.
1233 4386 1273 4443 84
1294 4402 1322 4463 p.
1344 4384 1424 4442 1014
1443 4400 1504 4460 sqq.
1524 4378 1603 4443 valde
1624 4382 1787 4457 honorilice,

268 4500 338 4561 qma
365 4499 399 4541 eo
429 4478 515 4560 pluris
542 4476 640 4539 habita
669 4484 725 4553 est,
750 4476 881 4558 quonism
908 4496 970 4538 cunr
994 4476 1153 4539 doctissimo
1174 4479 1231 4539 eius
1252 4478 1386 4558 scriptore
1404 4495 1461 4536 non
1479 4476 1595 4537 omnino
1615 4488 1790 4541 consemerat

265 4575 388 4647 iuvenis,
411 4574 487 4635 euius
508 4574 544 4634 cl.
566 4574 722 4635 Commeat.
742 4574 772 4633 in
794 4576 896 4634 Amal.
918 4575 1007 4635 Aocd.
1026 4576 1115 4651 Lupd.
1137 4576 1204 4634 aar.
1225 4594 1252 4634 a.
1273 4575 1473 4634 leat-lato
1493 4591 1522 4653 p.
1543 4574 1592 4635 hl.

306 4668 332 4745 ⁸)
356 4690 386 4731 r.
407 4688 434 4730 e.
454 4686 483 4729 e.
505 4682 648 4729 sunam
676 4670 726 4728 Or.
754 4669 858 4729 nomiae
884 4672 1033 4729 Doctorum
1056 4669 1153 4729 tabita
1181 4667 1208 4729 d.
1232 4685 1288 4730 xrv
1307 4667 1382 4729 Ionii
1401 4682 1643 4740 morocecxxxvr,
1665 4669 1694 4727 tn
1716 4674 1789 4730 Ana.

265 4765 355 4823 Acar.
379 4764 609 4826 arao-nareae.
632 4768 967 4845 rara-rssr,p.e1.

308 4857 334 4932 ⁴)
365 4858 434 4918 Vsu
454 4875 566 4929 soors.
588 4859 776 4938 Herlrmertrq
797 4880 851 4921 aaa
871 4879 901 4921 a.
922 4878 948 4921 o.
966 4877 994 4920 s.
1011 4876 1152 4920 aurnuns
1173 4860 1217 4919 als
1237 4864 1300 4919 arte
1318 4876 1351 4917 ea
1369 4855 1489 4916 naam
1506 4856 1630 4927 terrear,
1651 4877 1678 4938 p.
1705 4861 1750 4920 to.

1575 4956 1621 5028 18
