4967 6175
782 697 1002 765 luulclr
1036 697 1301 768 OlllllNUll.
1738 698 1805 768 nt

281 910 444 984 Darwim'
469 905 612 982 effatum
634 903 824 1003 inscripsit
865 905 963 981 oNor
983 908 1026 981 do
1043 933 1092 983 roe
1116 908 1230 998 know,
1256 909 1328 982 loro
1347 909 1509 1007 ipocrm
1525 931 1577 984 roe
1593 906 1698 996 orc,”
1719 906 1805 982 alte·

281 1054 355 1106 ram
381 1025 480 1102 alteri
503 1023 646 1100 minime
669 1022 790 1098 cedere
811 1024 923 1099 visum
945 1033 1009 1102 ert.
1318 1039 1323 1047 ·

332 1151 455 1228 Quum
481 1153 598 1221 autem
619 1143 742 1245 prioris
767 1143 1068 1219 commentationis
1088 1151 1208 1219 auctor
1228 1167 1301 1219 rem
1320 1144 1422 1243 plene
1439 1151 1476 1220 et
1493 1144 1571 1221 fuse
1591 1145 1807 1246 exposuerit,

282 1291 449 1368 magnum
483 1265 732 1340 elementorum
761 1287 947 1339 numerum
978 1264 1015 1338 in
1046 1287 1189 1340 censum
1221 1285 1367 1353 vocaus,
1397 1272 1434 1339 et
1461 1263 1500 1340 iu
1530 1264 1677 1365 singulis
1701 1266 1808 1342 rebus

282 1385 518 1465 describendis
544 1393 580 1460 et
603 1385 835 1461 diiudicandis
857 1383 1065 1460 industriam
1090 1384 1184 1460 haud
1208 1383 1388 1484 vulgarem
1412 1392 1449 1459 et
1471 1382 1648 1460 doctrinae
1670 1386 1806 1487 copiam

282 1506 495 1610 probaverit,
529 1503 671 1580 alterius
705 1503 950 1604 disputationis
985 1502 1150 1603 scriptor,
1189 1501 1270 1578 licet
1306 1502 1460 1580 breviore
1498 1503 1663 1581 methodo
1699 1531 1807 1598 usus,

284 1626 415 1728 optime
445 1635 562 1700 tamen
584 1623 798 1724 singularum
825 1648 941 1699 rerum
962 1622 1157 1724 cognitione
1181 1623 1329 1713 ductus,
1362 1624 1535 1701 succincte
1561 1624 1723 1726 quidem,
1747 1627 1810 1703 sed

283 1773 325 1823 eo
346 1746 458 1846 magis
475 1745 625 1820 dilucide
647 1751 683 1819 et
701 1742 888 1844 sagaciter,
907 1743 1118 1843 quaestionis
1137 1752 1386 1844 argumentum
1405 1745 1684 1854 pertractarent,
1703 1754 1810 1848 etque

282 1867 417 1944 felicem
448 1866 485 1939 in
516 1863 748 1940 diiudicandis
775 1862 1076 1940 observationibus
1101 1863 1337 1964 singularibus
1363 1866 1587 1965 interpretem
1614 1867 1746 1968 ubique
1772 1893 1810 1944 se

283 1984 511 2086 praestiterit,
537 1985 631 2060 nulla
657 1984 783 2061 Ordini
806 1983 873 2059 luit
895 1982 1079 2060 dubitandi
1103 1983 1209 2073 ratio,
1235 1983 1321 2083 quin
1346 1985 1500 2061 dirmsae
1523 1985 1603 2063 illae
1629 1987 1811 2088 utriusque

282 2104 581 2183 commentationis
612 2103 710 2180 dotes
743 2102 840 2180 laudi
870 2103 987 2203 potius
1022 2127 1126 2201 quam
1161 2102 1245 2177 vitio
1275 2112 1402 2180 essent.
1463 2105 1659 2205 Utramque
1690 2107 1810 2207 itaque

281 2225 608 2302 commentationem
645 2223 839 2326 praemium
872 2246 1016 2297 aureum
1039 2221 1228 2312 meruisse,
1261 2229 1297 2298 et
1329 2231 1508 2314 auctores,
1541 2224 1670 2302 virtute
1692 2250 1812 2325 peres,
1954 2277 1959 2282 -

282 2345 326 2420 dc
349 2369 496 2420 nummo
519 2367 624 2418 aureo
648 2341 762 2417 sortiri
784 2347 941 2441 oportere
967 2341 1128 2418 decrevit.
1274 2365 1280 2371 ·

332 2463 472 2564 Apertis
497 2460 660 2551 scidulis,
684 2461 806 2561 prioris
830 2461 1131 2537 commentationis
1157 2469 1334 2538 auctorem
1360 2487 1436 2539 esse
1460 2464 1622 2566 eppanrit

698 2581 917 2649 nonnullum
938 2582 1195 2652 rfluououuu
1214 2582 1404 2666 moulon,

535 2694 677 2770 alterius
701 2693 914 2762 HENRIGUM
937 2692 1178 2764 colluuntur
1200 2696 1378 2776 amatre,

281 2823 383 2899 illum
403 2822 440 2897 in
463 2821 652 2898 Academia
673 2821 1018 2920 Lugduuo·Batava,
1044 2819 1137 2898 hunc
1160 2821 1198 2896 in
1218 2819 1555 2898 Rheno-Traiectiue
1568 2821 1811 2924 Philosophiae

282 2942 462 3019 Naturalis
484 2942 730 3018 candidatum.

331 3061 500 3139 Instituta
533 3069 652 3138 autem
683 3060 774 3137 inter
808 3071 966 3137 auctores
998 3059 1197 3169 sortitione,
1221 3085 1409 3139 nummum
1439 3086 1586 3141 aureum
1610 3071 1732 3142 uectus
1757 3073 1811 3143 est

710 3181 917 3251 louruuus
941 3181 1187 3252 rfluououus
1208 3183 1392 3253 houton.

331 3293 389 3369 Ad
414 3294 556 3370 alteram
580 3294 834 3392 quaestionem:

385 3415 445 3489 nic
480 3416 696 3512 replerentur
727 3417 875 3516 quinque
903 3414 1099 3513 plantarum
1126 3415 1361 3514 indigenarum
1382 3416 1528 3514 speciem
1553 3424 1593 3491 at
1613 3417 1741 3494 rectiore
1759 3420 1813 3493 io·

433 3536 612 3635 telligatur
644 3558 749 3611 morra
775 3537 867 3611 iuter
899 3536 1027 3609 radicis
1058 3536 1275 3611 directionem
1306 3542 1411 3637 atque
1434 3538 1672 3615 mmmm
1692 3546 1730 3615 et
1751 3540 1816 3617 ccli

432 3656 651 3729 conditionem
678 3660 746 3727 tam
763 3654 940 3753 physicam
962 3678 1062 3755 quam
1084 3655 1284 3730 clenicam.-

288 3773 423 3849 nullum
447 3797 653 3875 responsum
677 3772 774 3849 Ordo
797 3772 940 3874 occepit.

611 4184 847 4261 sacrorum
873 4184 1075 4259 onorius
1100 4130 1513 4267 uuuonoeouum

337 4379 396 4455 Ad
419 4378 673 4479 quaestionem:

388 4500 613 4601 Inquiratur,
650 4506 760 4574 utrum
795 4525 854 4589 ea,
892 4524 980 4601 quoe
1021 4499 1150 4574 otrico
1178 4501 1273 4575 dicta
1300 4503 1392 4577 inter
1419 4510 1457 4579 ct
1477 4507 1585 4600 facta
1616 4508 1811 4597 meda,

436 4621 644 4695 merendo
677 4620 838 4695 smodi
868 4622 916 4695 sit
949 4618 1120 4709 talem,
1152 4628 1210 4711 ct,
1240 4623 1351 4715 scetr'e
1382 4625 1421 4698 in
1457 4626 1591 4702 delhna
1624 4630 1809 4717 revocate,

439 4740 601 4813 dictormrr
625 4738 668 4812 de
682 4742 800 4838 pretio
824 4740 960 4840 aliquid
978 4742 1167 4840 derogetur,
1191 4765 1253 4837 nec
1276 4766 1336 4818 nc.-

341 4858 438 4935 Ordo
452 4882 558 4935 uuam
573 4858 705 4958 accepit
718 4858 1062 4948 commentationem,
1079 4860 1187 4935 Harii
1199 4860 1314 4937 verbis
1326 4860 1549 4962 insignitam:
1577 4863 1678 4941 rDas
1698 4866 1811 4943 Olcin-

1596 4986 1642 5057 15
