4967 6175
913 696 1195 767 ORATIO.
1761 700 1823 765 101

303 902 475 979 avunculo
508 924 586 993 meo
619 900 741 999 primis
775 902 963 979 honoribus
990 908 1102 981 ornati
1130 908 1180 999 ¹),
1213 905 1380 1005 Theologi
1405 907 1518 997 docti,
1541 906 1655 995 acuti,
1689 928 1825 980 earum·

304 1023 455 1121 demque
487 1020 768 1118 disciplinarum,
800 1021 990 1120 inquibus
1018 1024 1240 1113 inhabitas,
1272 1024 1519 1114 amantissimi,
1543 1025 1657 1125 cogito
1680 1031 1825 1100 manem

306 1152 399 1217 tuam
436 1138 565 1240 gaudio
599 1164 620 1215 a
655 1148 690 1215 te
726 1129 936 1217 cumulatam
948 1174 958 1231 ;
994 1143 1104 1217 laetus
1136 1142 1235 1216 video
1267 1142 1409 1232 babes,
1442 1143 1695 1219 laudatissimus
1720 1142 1825 1219 buius

304 1260 512 1335 Academiae
530 1258 708 1348 alumnos,
733 1260 769 1333 iu
795 1259 1002 1337 domesticae
1025 1260 1176 1337 loetitiae
1198 1262 1475 1337 communionem
1498 1263 1686 1338 venientes.
1716 1262 1824 1337 Hunc

305 1380 501 1468 aemulum,
538 1378 821 1478 Praeceptoribus
854 1378 959 1453 etium
995 1378 1140 1477 aliisque
1175 1379 1296 1455 multis
1329 1379 1563 1471 mnesimum,
1598 1389 1659 1468 tu,
1693 1380 1824 1479 optime

306 1522 472 1587 uourorr,
498 1498 631 1575 vincere
655 1523 724 1574 non
749 1497 912 1598 potuisti,
936 1498 1231 1597 quemadmodum
1252 1524 1365 1599 neque
1389 1500 1448 1575 ille
1469 1500 1536 1574 tibi
1557 1500 1708 1599 palmam
1727 1524 1823 1598 prae·

306 1620 418 1719 ripere
440 1618 564 1719 potuit.
615 1618 758 1716 Accipio
778 1641 892 1693 omen.
943 1618 1036 1705 Vos,
1062 1619 1211 1693 Iuvenes
1237 1620 1388 1719 egregii,
1413 1620 1552 1720 cognita
1570 1620 1608 1694 in
1636 1619 1700 1693 hac
1721 1641 1825 1692 arens

306 1738 509 1813 dexteritate
534 1745 663 1826 vestra,
690 1736 861 1837 quidquid
889 1737 1013 1811 virium
1039 1747 1145 1836 atque
1164 1762 1348 1814 nervorum
1371 1747 1443 1828 est,
1469 1740 1533 1814 hoc
1552 1762 1654 1813 omne
1677 1762 1718 1812 eo
1743 1761 1823 1813 cou-

304 1857 438 1946 ieretis,
473 1864 512 1931 ut
542 1856 628 1931 alter
659 1854 756 1931 elteri
782 1856 818 1931 in
844 1855 1101 1954 disciplinarum
1127 1854 1347 1955 physicarum
1376 1857 1493 1932 studio
1517 1858 1604 1932 nihil
1630 1840 1824 1956 quidquam

305 1975 416 2053 redut.
465 1978 676 2051 Generosam
694 1976 782 2051 hauc
802 1976 1058 2051 contentionem
1080 1974 1148 2049 sibi
1170 1975 1392 2051 honorificam
1413 1974 1567 2052 censebit
1589 1987 1701 2052 vestra
1720 1975 1825 2052 Alme

307 2097 440 2185 Mater,
462 2094 653 2172 Academia
676 2093 858 2171 leidensis
881 2102 918 2170 et
941 2094 1144 2171 Traiectina.

351 2331 520 2407 Praemiis
548 2328 765 2420 distributis,
796 2354 818 2405 a
848 2329 949 2407 nobis
975 2330 1139 2429 quidem,
1172 2332 1321 2406 Iuvenes
1343 2332 1486 2432 optimi,
1518 2356 1686 2408 novorum
1709 2356 1824 2432 repor-

305 2450 488 2527 tandorum
520 2448 760 2551 opportunitas
784 2473 855 2525 non
881 2449 1043 2540 offertur,
1076 2450 1138 2525 sed
1162 2451 1248 2527 haec
1270 2475 1389 2526 mense
1410 2451 1523 2551 Aprili
1544 2450 1708 2526 offeretur
1728 2450 1826 2526 vobis

305 2596 325 2645 a
359 2570 490 2645 Senatu
524 2568 759 2668 Groningeno.
818 2567 984 2659 Utinam,
1018 2569 1166 2669 cognitis
1197 2570 1291 2645 illius
1314 2570 1523 2647 Academiae
1546 2570 1825 2671 quaestionibus,

304 2689 424 2766 multis
460 2696 611 2765 vestrum
646 2688 779 2789 plcoeet
808 2686 845 2763 in
881 2712 1019 2765 arenam
1054 2688 1282 2765 descenderet
1333 2690 1424 2764 Sunt
1457 2690 1495 2764 iu
1528 2690 1660 2766 Ordine
1691 2697 1824 2778 vestro,

303 2809 475 2885 variarum
510 2806 769 2907 disciplinarum
806 2806 973 2897 studiosi,
1006 2808 1050 2884 iis
1089 2818 1126 2883 et
1162 2807 1296 2909 ingenii
1325 2806 1489 2885 laudibus
1521 2818 1557 2885 et
1584 2808 1825 2911 progressibus

303 2928 502 3028 conspicui,
536 2937 575 3001 ut
608 2927 732 3002 horum
768 2950 944 3028 quemque
972 2926 1194 3019 Homericum
1225 2927 1314 3004 illud
1342 2926 1487 3005 memori
1514 2937 1653 3030 pectore
1678 2929 1825 3007 condere

303 3054 478 3148 oporteat:
503 3045 592 3126 αἰὲν
618 3046 835 3149 ἀριστεύειν
860 3048 931 3125 καὶ
954 3048 1161 3150 ὑπείροχον
1184 3048 1351 3147 ἔμμεναι
1373 3048 1509 3128 ἄλλων.

352 3404 573 3482 Sollennibus
604 3403 771 3505 paractis,
806 3412 983 3504 superest,
1018 3410 1058 3479 ut
1088 3403 1298 3481 Academiae
1325 3405 1568 3508 magistratum
1590 3405 1627 3482 in
1651 3428 1823 3481 successo·

301 3525 837 3615 remecuferam,aonrw1uurr
863 3541 983 3600 resurr
1011 3545 1151 3612 nosce,
1185 3545 1290 3600 cour.
1318 3547 1399 3599 rsru
1422 3525 1545 3600 filium.
1582 3525 1690 3601 Hunc
1712 3524 1825 3600 vuum

302 3645 390 3722 cnr
416 3671 437 3722 e
460 3644 556 3746 regia
577 3643 781 3720 auctoritate
805 3643 842 3720 in
869 3667 999 3720 annum
1023 3643 1220 3743 proximum
1237 3643 1448 3722 Academiae
1471 3643 1824 3721 Rheno-Traiectiuae

301 3763 483 3840 Rectorem
509 3763 741 3864 Magnificum
764 3759 863 3854 dico,
886 3763 1072 3853 renuncia,
1098 3763 1282 3863 proclamo.

349 3885 471 3972 Salve,
496 3881 560 3957 Vir
582 3871 790 3982 Magnifice,
815 3905 945 3982 occupa
968 3883 1061 3958 hunc
1087 3881 1152 3958 tibi
1176 3883 1391 3960 destinatum
1418 3884 1533 3960 locum
1560 3892 1597 3958 et
1621 3883 1695 3971 iac,
1729 3882 1825 3980 quod
1941 3922 1945 3927 ·

301 4003 425 4092 facies,
457 4009 498 4076 ut
525 4015 600 4101 quo·
627 3999 768 4076 nomine
799 4006 834 4075 tc
860 4001 1040 4076 Medicum
1066 4000 1203 4090 colunt,
1228 4001 1351 4077 eodem
1373 4027 1437 4077 nos
1460 4003 1642 4078 Rectorem
1666 4008 1825 4075 nostrum

302 4121 514 4209 salutemus,
549 4116 697 4197 πολλῶν
726 4119 915 4210 ἀντάξιον
947 4119 1084 4200 ἄλλων.
1134 4119 1188 4194 Ex
1220 4127 1284 4195 tua
1315 4120 1538 4209 auctoritate,
1572 4128 1751 4219 tamquam
1780 4142 1825 4194 ex

302 4239 445 4341 limpido
466 4239 582 4328 fonte,
608 4244 649 4313 ut
671 4237 763 4314 bone
784 4261 944 4338 quaeque
967 4239 1003 4312 in
1032 4237 1258 4314 Academiam
1283 4239 1513 4318 Traiectinam
1535 4247 1697 4328 manent,
1723 4238 1823 4314 rebe·

302 4370 436 4436 menter
458 4366 552 4458 opto.

343 4620 367 4693 ¹)
396 4619 462 4681 vid.
484 4618 584 4680 Annal.
607 4613 693 4678 Acad.
713 4615 769 4676 Bb.
789 4617 909 4680 Treiert.
931 4637 957 4677 a.
982 4617 1191 4680 181'1-1818.

949 4881 1142 4920 -Φ-
