4967 6175
691 696 736 767 'lt
1244 691 1271 759 l.
1306 687 1344 757 Δ.
1379 688 1414 759 (l.
1447 686 1671 759 ROVBRS

744 1026 858 1100 Nemo
889 1018 988 1097 facile
1020 1018 1058 1093 in
1086 1025 1245 1117 tempora
1274 1020 1393 1089 nostra
1426 1010 1545 1113 paullo
1570 1009 1766 1087 accuratius
1789 1008 1955 1110 inquirit,
1989 1009 2076 1109 quin
2101 1009 2219 1087 crebra

688 1168 835 1233 eorum,
860 1166 952 1242 quse
972 1146 1123 1217 exeunte
1149 1136 1325 1238 superiore
1350 1133 1467 1209 seculo
1488 1132 1525 1207 in
1544 1131 1691 1208 Francia
1711 1130 1932 1219 acciderunt,
1955 1128 2073 1229 ipsum
2097 1128 2220 1207 subeat

695 1262 872 1365 cogitatio.
924 1262 991 1337 Est
1026 1258 1120 1335 enim
1152 1264 1248 1331 arcta
1279 1255 1370 1330 inter
1398 1260 1616 1353 praesentem
1644 1260 1682 1328 et
1708 1250 1930 1353 praeteritam
1951 1249 2048 1326 illum
2071 1258 2220 1328 aetatem

695 1382 936 1471 necessitudo,
972 1387 1009 1454 et
1039 1400 1164 1454 ccusae
1186 1400 1325 1463 rerum,
1356 1397 1448 1472 quae
1470 1372 1541 1447 iam
1567 1373 1679 1461 fiunt,
1703 1372 1770 1447 etsi
1793 1394 1922 1470 magua
1945 1394 1989 1446 ex
2014 1377 2113 1470 parta
2132 1372 2220 1447 suti·

696 1508 856 1611 quiores,
891 1510 977 1576 tunc
1010 1498 1061 1573 ita
1095 1494 1253 1571 coierunt
1280 1515 1428 1590 eumque
1460 1490 1531 1565 vim
1567 1498 1689 1565 nactae
1715 1496 1818 1577 suut,
1850 1494 1892 1563 ut
1918 1487 2081 1587 impediri
2102 1512 2222 1565 earum

697 1628 842 1706 effeetus
877 1620 974 1697 nullo
1008 1614 1114 1693 modo
1146 1618 1275 1714 posset.
1323 1609 1465 1698 Veluti,
1497 1608 1594 1708 quod
1623 1610 1693 1685 huc
1721 1607 1872 1684 maxime
1905 1607 2076 1709 pertinet,
2110 1610 2221 1701 tertii,

697 1772 805 1849 quem
836 1747 980 1829 vocant,
1013 1735 1157 1814 Ordinis
1187 1740 1405 1809 momentum
1430 1755 1502 1806 non
1526 1730 1695 1807 antehoc
1718 1729 1861 1805 demum
1886 1752 2007 1805 mur
2028 1751 2138 1804 annos
2163 1755 2221 1831 ap·

696 1866 815 1970 paruit
837 1865 889 1957 ¹),
924 1883 1045 1935 verum
1078 1853 1288 1933 iamdudum
1318 1852 1407 1927 illud
1435 1858 1512 1927 turn
1542 1850 1673 1951 Anglia
1697 1856 1797 1924 norat
1827 1854 1906 1924 tum
1935 1848 2032 1947 ipsae
2063 1850 2222 1926 ostende·

698 1994 778 2065 rant
798 1983 836 2058 in
858 1976 1115 2079 antiquioribus
1134 1972 1300 2050 Frsuciaa
1321 1969 1520 2070 municipiis
1542 1977 1578 2045 ct
1598 1970 1636 2044 in
1656 1969 1803 2045 aliarum
1819 1967 2002 2068 mgiouum
2022 1966 2223 2046 deitatibus

698 2106 823 2184 turbse
854 2108 890 2177 et
922 2096 1172 2175 conversiones.
1229 2092 1300 2166 Sed
1326 2090 1450 2191 populi
1479 2090 1568 2165 vires
1598 2088 1794 2165 diutissime
1822 2111 1894 2162 non
1916 2111 1999 2163 eum
2022 2087 2058 2161 in
2080 2088 2224 2165 modum

700 2228 895 2308 creverant,
920 2226 962 2293 ut
983 2214 1149 2291 acerrimo
1171 2235 1253 2287 cum
1278 2208 1533 2310 potentioribus
1553 2208 1757 2285 adversaris
1776 2207 1959 2285 omnini
1977 2232 2076 2309 pares
2095 2218 2223 2287 esseut

700 2345 833 2419 contre
865 2338 921 2414 his
952 2333 1176 2421 advermriis,
1206 2330 1380 2406 Ecclesiae
1404 2329 1629 2419 aucmrilate,
1654 2329 1837 2429 splendore
1859 2328 2048 2420 natalium,
2070 2330 2225 2407 militum

700 2460 872 2565 praesidio
899 2466 936 2533 et
963 2453 1101 2555 imperii
1132 2449 1313 2526 maiestate
1339 2446 1467 2546 septis,
1498 2446 1640 2523 victoris
1659 2446 1787 2547 obtigit
1809 2446 1953 2523 minima
1978 2447 2095 2525 dubia
2145 2449 2226 2526 Huc

699 2582 777 2681 ipsa
810 2575 925 2653 seculo
956 2570 1104 2672 septimo
1139 2567 1275 2642 decimo
1305 2565 1463 2639 omnium
1497 2564 1650 2641 maxima
1681 2589 1769 2641 usus
1796 2566 1850 2641 vel
1873 2567 1991 2668 potius
2015 2566 2149 2645 abusus
2173 2580 2226 2645 eat

702 2718 909 2777 nunovrous
943 2690 1043 2781 XIV,
1074 2698 1238 2765 strenuus
1269 2685 1328 2761 ille
1363 2685 1555 2762 sententiae
1588 2711 1672 2762 suae
1699 2686 1826 2761 vindex
1859 2710 1897 2763 se
1930 2689 2101 2765 σίοἰίαίεη
2130 2714 2226 2781 eece,

701 2826 738 2897 et
764 2817 925 2920 princeps
957 2810 1075 2888 oculos
1100 2808 1235 2909 fulgore
1256 2805 1373 2906 regiae
1400 2805 1590 2881 maiestatis
1614 2806 1891 2906 praestringendi
1910 2832 2061 2909 gnarus,
2082 2808 2229 2910 ignm

700 2950 819 3020 autem
853 2934 938 3011 artis
975 2930 1154 3032 politicae,
1191 2951 1283 3026 quae
1317 2926 1465 3025 provida
1500 2924 1631 3016 futuri,
1669 2951 1714 3001 ne
1745 2927 1968 3026 gravissimae
2004 2936 2229 3029 tempestatas

700 3058 919 3142 ooorisntur,
944 3058 1138 3150 opportune
1159 3058 1268 3122 cavet.
1311 3044 1408 3118 Hinc
1429 3067 1579 3143 magno,
1603 3066 1709 3141 quem
1727 3043 1869 3135 dicunt,
1892 3045 1967 3145 regi
1983 3070 2054 3122 non
2074 3048 2230 3126 multum

701 3177 900 3255 debuerunt
934 3168 1045 3269 ipsius
1075 3187 1307 3252 successores,
1337 3160 1467 3260 quibus
1492 3160 1530 3236 in
1554 3161 1723 3238 emanata
1744 3163 1875 3264 patria,
1898 3165 2139 3241 corruentibus
2165 3169 2230 3244 do·

701 3291 904 3376 minationis
936 3283 1177 3372 adminiculis,
1211 3280 1449 3356 dimicandum
1479 3280 1548 3356 luit
1577 3280 1743 3358 adversus
1766 3282 1855 3359 vires
1874 3285 1997 3384 populi
2018 3311 2039 3361 e
2060 3286 2231 3386 languore

704 3418 882 3496 excitatas.
933 3408 1072 3486 Scilicet
1102 3428 1218 3482 rerum
1246 3401 1466 3502 publicarum
1496 3402 1593 3501 apud
1622 3402 1756 3502 Anglos
1779 3405 2006 3480 commutatio
2024 3404 2061 3480 in
2081 3407 2231 3483 Francia

701 3537 822 3616 multis
854 3529 1036 3634 paullatim
1062 3525 1239 3627 profuerat
1265 3522 1312 3597 ad
1335 3528 1488 3596 mentem
1512 3521 1733 3620 erigendum
1764 3522 1896 3622 quique
1923 3525 1981 3600 hic
2005 3525 2119 3602 adorti
2142 3534 2229 3602 sunt

706 3647 859 3758 primum
891 3647 1083 3726 Ecclesiam
1121 3644 1249 3722 deinde
1277 3640 1471 3730 civitatem,
1501 3641 1684 3741 scriptores
1713 3643 1919 3736 acutissimi,
1948 3644 2107 3744 pluribus
2127 3646 2227 3724 dein·

701 3801 783 3876 ceps
816 3767 1041 3873 popularibus
1078 3766 1168 3842 vium
1203 3768 1411 3850 straverant,
1446 3785 1518 3860 qua
1551 3787 1695 3838 suorum
1732 3763 1801 3838 sibi
1826 3765 1976 3864 quisque
2002 3764 2119 3841 iurum
2142 3790 2226 3842 oon·

703 3897 795 3974 scius
827 3893 936 3968 fieret.
987 3889 1075 3962 Mox
1111 3892 1229 3960 secuta
1261 3889 1345 3956 aunt
1373 3880 1491 3956 studia
1522 3880 1781 3981 disciplinarum
1805 3883 2044 3984 physicarum,
2072 3909 2163 3984 quae
2187 3886 2225 3960 iu

703 4013 923 4117 ingeniorum
954 4006 1001 4083 ad
1030 4005 1209 4081 mundum
1234 4004 1377 4102 doceor
1399 4000 1622 4076 inclinatione
1648 4011 1746 4078 tanto
1767 4003 1888 4080 ardore
1910 4013 1946 4080 et
1966 4005 2124 4082 acumine
2146 4013 2225 4082 tau·

705 4146 811 4236 taque
837 4126 1032 4208 constantia
1059 4136 1095 4201 et
1121 4123 1304 4201 severitate
1326 4121 1393 4196 coli
1416 4130 1559 4221 coeptae
1583 4131 1685 4212 suut,
1710 4135 1751 4198 ut
1770 4125 1903 4225 egregii
1923 4125 2045 4202 fierent
2064 4126 2101 4200 in
2123 4125 2225 4201 varia

704 4277 824 4330 aerum
855 4247 1013 4348 partibus
1046 4267 1262 4346 progressus.
1311 4241 1371 4318 Ad
1392 4242 1517 4316 horum
1538 4251 1657 4318 autem
1678 4266 1923 4343 progressuum
1944 4245 2078 4321 iruotm
2096 4269 2224 4346 cogno·

704 4371 850 4450 soendos
894 4365 1172 4442 excellentissimi
1219 4362 1284 4438 viri
1329 4387 1399 4437 non
1446 4362 1576 4439 frustra
1607 4366 1768 4464 aequales
1801 4391 1884 4444 suos
1913 4367 2113 4443 invitarunt
2175 4367 2225 4441 Iis

703 4492 797 4570 enim
827 4489 872 4564 de
905 4484 1070 4574 (themis,
1104 4483 1149 4559 de
1173 4481 1361 4581 Geologia,
1386 4480 1431 4556 de
1451 4484 1674 4560 Astrouomis
1696 4485 1804 4561 aliave
1825 4487 2001 4564 doctrinae
2020 4511 2103 4564 suae
2126 4494 2224 4588 porte

748 4769 773 4849 ¹)
802 4768 1056 4851 Auu.csrsnnr1
1083 4761 1200 4843 scripta,
1227 4760 1258 4821 in
1285 4758 1382 4841 primis
1410 4759 1469 4820 eius
1493 4760 1582 4822 Euat
1606 4780 1656 4822 aer
1681 4763 1822 4826 l’ts‘stos're
1847 4765 1882 4826 de
1906 4767 1937 4826 lc
1954 4766 2113 4841 matio»
2130 4773 2159 4827 et
2176 4767 2224 4826 der

699 4863 875 4944 propriario
897 4855 1069 4922 lterelteac.
