4967 6175
966 871 1282 1096 'lora
1333 919 1443 1031 au
1496 899 1806 1086 ansul

706 1133 712 1148 1
744 1191 798 1251 ΙΝ
825 1182 1175 1250 OONVENTIBUS
1202 1175 1487 1240 onnnlsslul
1513 1175 1715 1238 ORDINIS
1742 1175 2096 1238 Pnornssonuu

888 1415 1138 1500 ATllENAEl
1166 1411 1424 1495 lLLUSl'RlS
1449 1410 1947 1515 AMSTELODAMENSIS,

1211 1641 1326 1704 ANNO
1346 1641 1606 1704 clolocccnxr.

641 2205 730 2279 ¹Die
765 2207 810 2277 12
836 2226 884 2276 m.
916 2197 1070 2274 Ianuarii
1096 2192 1261 2271 recitatur
1290 2219 1379 2271 nora
1405 2194 1554 2282 formula
1583 2195 1754 2270 Athenaei
1784 2193 2040 2284 constituendi,
2076 2218 2182 2292 quam

836 2322 1020 2394 Curatores
1052 2316 1272 2415 magistratui
1303 2313 1399 2389 urhis
1424 2315 1633 2414 proposituri
1654 2323 1750 2391 sunt·
1799 2314 1988 2388 Sententiis
2012 2315 2057 2388 de
2082 2340 2123 2389 ea
2145 2342 2181 2390 re

827 2441 957 2540 rogatis
985 2437 1197 2526 decernitur,
1229 2443 1269 2508 ut
1297 2434 1334 2508 in
1364 2434 1487 2508 multis
1516 2422 1673 2533 partibus
1694 2434 1891 2510 emendatio
1915 2433 2009 2508 illius
2033 2437 2181 2535 exempli

830 2567 983 2658 rogetur.
2031 2618 2036 2626 .

659 2681 828 2759 Kalendis
864 2678 995 2766 laniis,
1027 2681 1213 2774 postquam
1233 2672 1302 2746 ,die
1330 2676 1377 2747 29
1401 2697 1448 2749 m.
1481 2671 1570 2746 Maii
1603 2671 1784 2746 consilium
1818 2671 1966 2747 civitatis
2002 2673 2180 2773 publicum

829 2799 923 2873 illam
944 2795 1128 2871 formulam
1149 2793 1408 2893 antiquaverat,
1434 2792 1518 2868 ordo
1542 2791 1715 2883 decernit,
1740 2800 1781 2867 ut
1804 2819 1868 2868 suo
1889 2792 2029 2869 nomine
2051 2796 2180 2893 gratiae

829 2927 1014 3019 agerentur
1035 2913 1285 3002 (iuratoribus,
1311 2912 1426 3012 quod,
1451 2920 1624 3011 quantum
1648 2912 1684 2987 in
1709 2912 1753 2986 iis
1776 2912 1908 3002 luerat,
1932 2938 1987 2988 res
2009 2913 2181 2989 Athenaei

795 3098 796 3103 ,
827 3065 954 3139 augere
979 3047 1015 3113 et
1038 3045 1159 3112 ornare
1184 3033 1384 3109 voluissent.

605 3246 608 3253 ,
658 3164 725 3240 Die
779 3160 984 3236 8eiusdem
1016 3156 1146 3231 mensis
1182 3155 1267 3231 ordo
1295 3161 1396 3255 rogat
1423 3153 1627 3242 Curatores,
1652 3158 1694 3227 ut
1715 3159 1817 3228 aucto
1840 3177 1986 3229 numero
2011 3155 2178 3256 professo·

826 3305 925 3370 rum,
961 3276 1107 3352 sublatis
1138 3274 1347 3363 honorariis,
1379 3274 1490 3349 auctis
1511 3272 1714 3371 stipendiis,
1743 3273 1961 3372 amplificatis
1983 3275 2179 3350 studiorum

827 3398 1013 3485 subsidiis,
1038 3396 1273 3471 conditionem
1299 3394 1472 3470 Athenaei
1494 3394 1673 3468 meliorem
1694 3392 1838 3467 reddere
1860 3402 2038 3471 conentur.
2177 3402 2182 3413 “

657 3524 724 3597 Die
757 3524 801 3595 16
828 3545 874 3593 m.
900 3516 1109 3593 Novembris
1141 3516 1331 3591 recitantur
1359 3514 1493 3589 litterae
1531 3513 1760 3599 Ouratomm,
1785 3509 1916 3610 quihus
1943 3515 2029 3589 ordo
2054 3517 2177 3589 certior

826 3641 867 3713 fit
897 3637 1035 3736 publiea
1064 3636 1241 3709 decretum
1272 3658 1367 3721 esse,
1403 3642 1444 3706 ut
1466 3657 1632 3706 numerus
1660 3632 1897 3707 Professorum
1919 3634 2058 3709 duobus
2080 3638 2178 3711 novis

826 3758 982 3832 creandis
1021 3764 1225 3853 augeretur,
1258 3754 1365 3827 altero
1396 3752 1433 3826 in
1464 3752 1627 3827 facultate
1655 3753 1841 3840 litteraria,
1873 3752 1982 3829 altero
2005 3755 2042 3838 in
2069 3755 2176 3830 lacul-

829 3886 901 3951 tate
931 3874 1085 3951 iuridica,
1125 3873 1361 3972 vDelegantur
1393 3871 1548 3972 quinque
1577 3871 1807 3963 Professores,
1840 3872 2005 3972 quicum
2030 3875 2176 3950 Curato·

783 4086 786 4093 ¹
825 3996 922 4071 ribus
948 3996 1011 4070 hac
1036 3994 1141 4091 dere
1159 3997 1282 4092 agant.
1327 4056 1332 4060 .

656 4118 723 4192 Die
753 4120 799 4192 25
825 4098 980 4191 eiusdem
1018 4112 1148 4187 mensis
1179 4111 1256 4185 Viri
1291 4108 1346 4185 Ch
1383 4133 1422 4184 u.
1459 4131 1526 4183 nas
1559 4131 1703 4183 annam
1741 4132 1815 4184 van
1850 4133 1924 4186 nna
1959 4135 2107 4186 nonvnu
2140 4124 2177 4189 et

825 4260 851 4312 1.
880 4259 912 4310 c.
937 4259 972 4310 o.
999 4256 1093 4307 soor
1127 4231 1282 4307 referunt
1314 4254 1351 4305 se
1380 4227 1416 4304 in
1447 4235 1621 4303 conventu
1646 4216 1855 4303 curatorum
1883 4230 2072 4305 declarasse
2099 4232 2174 4306 ani·

826 4380 924 4429 mum
955 4352 1139 4427 nonnullas
1165 4350 1386 4452 disciplinas,
1417 4373 1505 4449 quas
1534 4348 1648 4424 adhuc
1682 4349 1894 4441 docuerunt,
1926 4350 2072 4426 cedendi
2094 4377 2174 4451 pro·

823 4472 1011 4549 sessoribus
1051 4496 1132 4548 mox
1177 4471 1355 4560 creandis,
1401 4494 1548 4569 eamque
1591 4470 1856 4546 declarationem
1894 4469 2054 4547 lubenter
2099 4498 2177 4548 csse

822 4593 990 4671 auditam.
1497 4608 1503 4619 ’

1314 4812 1511 4842 „w
