4967 6175
898 711 1134 783 SllllllO.
1710 716 1773 783 135

252 915 313 990 sed
348 915 537 1002 maiorum,
575 913 637 988 sed
680 923 817 1013 potrum
859 926 1072 1009 vascorum,
1112 919 1173 996 sed
1207 919 1362 1020 ipsorum
1393 920 1480 996 adeo
1512 931 1624 999 aetate
1655 945 1775 1022 prove·

252 1034 417 1123 ctiorum,
451 1057 540 1132 quos
576 1034 732 1131 quotidie
770 1036 893 1112 videtis
929 1039 974 1115 ab
1008 1039 1083 1114 aliis
1113 1037 1328 1138 temporibus
1349 1039 1508 1116 nonnihil
1529 1042 1641 1118 bonae
1664 1041 1776 1140 frugis

253 1154 478 1252 expetentes?
511 1152 644 1228 Verum
666 1153 889 1254 despicientia
911 1157 970 1232 illa
989 1181 1076 1234 num
1096 1183 1208 1257 aequa
1232 1160 1308 1232 est?
1332 1181 1418 1234 oum
1443 1159 1649 1236 vindicatio
1671 1159 1775 1236 liber·

254 1281 381 1362 tatem,
419 1296 463 1347 an
496 1271 612 1372 potius
645 1296 689 1347 ex
720 1275 787 1350 alia
819 1276 1033 1352 auctoritatis
1059 1276 1174 1352 schola
1194 1277 1232 1350 in
1255 1276 1357 1352 aliam
1383 1279 1563 1354 detrudit?
1596 1280 1777 1356 Praeterea

254 1415 343 1491 quac
376 1416 464 1467 nova
494 1385 672 1480 feruntur,
698 1402 825 1470 suntne
849 1396 965 1472 omnia
987 1420 1095 1485 nova,
1120 1421 1165 1473 an
1190 1392 1387 1487 interdum,
1413 1398 1508 1498 quod
1530 1399 1566 1474 in
1589 1400 1775 1476 lautiorum

254 1512 435 1586 hominum
467 1509 692 1610 supellectili,
725 1512 763 1586 in
793 1511 1000 1588 feminarum
1033 1513 1189 1590 vestibus
1218 1522 1255 1590 et
1281 1523 1442 1614 comptu,
1475 1516 1513 1591 in
1541 1515 1669 1592 barbae
1689 1515 1776 1591 adeo

254 1633 300 1708 ad
327 1655 500 1706 summam
524 1630 731 1729 elegantiam
758 1632 1026 1710 conformatione
1050 1636 1124 1710 lieri
1147 1641 1303 1722 constat,
1329 1644 1369 1708 ut
1389 1645 1504 1710 vetera
1525 1660 1614 1711 novo
1636 1634 1777 1710 nomine

256 1761 375 1828 ornata
409 1752 446 1826 in
484 1750 659 1850 integrum
696 1751 947 1841 restituuntur,
983 1752 1021 1827 id
1054 1743 1112 1830 hlc
1146 1777 1286 1853 quoquc
1321 1753 1631 1830 animadvertitur?
1674 1755 1775 1833 Quae

255 1879 371 1949 autem
408 1894 525 1945 revera
562 1870 723 1946 novitatis
762 1873 874 1970 gratio
914 1871 1116 1973 splendent,
1153 1873 1241 1948 nihil
1278 1873 1471 1972 quidquem
1507 1874 1788 1974 praeparationis·

257 2000 358 2068 nacta
392 1991 499 2066 sunt?
533 1988 629 2064 nulla
658 1990 713 2065 sui
738 1990 866 2067 indicia
889 1997 970 2067 utut
993 1991 1131 2081 tenuia,
1156 1991 1293 2067 dodum
1316 2003 1398 2067 ante
1421 1993 1682 2092 patefecerunt?
1705 2016 1777 2068 uon

258 2112 352 2186 lento
376 2108 508 2211 gradu,
533 2118 574 2184 ut
601 2109 677 2183 fieri
702 2109 738 2184 in
766 2109 871 2184 rebus
893 2111 1108 2210 gravioribus
1131 2109 1235 2198 solet,
1261 2135 1441 2210 progressa
1460 2112 1496 2186 in
1518 2113 1632 2186 lucem
1654 2136 1776 2210 erupe-
1802 2131 1805 2136 ·

257 2232 365 2306 runt?
408 2229 472 2318 Et,
496 2228 561 2302 hoc
588 2227 618 2302 si
641 2229 840 2327 negandum
863 2230 1019 2318 videtur,
1043 2229 1170 2329 integri
1192 2238 1309 2306 tamen
1337 2239 1419 2307 sunt
1440 2231 1491 2306 illi
1514 2231 1648 2320 foetus,
1672 2240 1778 2330 atque

260 2348 411 2426 Palladis
435 2349 566 2437 instar,
591 2356 743 2424 armatae
766 2373 809 2423 ex
830 2349 922 2424 Iovis
945 2349 1057 2449 capito
1078 2349 1304 2449 prodeuntis,
1327 2350 1372 2425 ad
1393 2375 1489 2450 spem
1510 2351 1779 2427 immortalitatis

257 2468 357 2546 nati?
393 2467 490 2548 Quid
513 2467 640 2567 plura?
674 2467 980 2559 Animadvertitis,
1004 2493 1075 2569 quo
1100 2468 1254 2546 tendam.
1304 2471 1611 2558 Excellentissimi,
1635 2471 1698 2571 qui
1717 2495 1777 2545 vos

258 2594 537 2688 praecesserunt,
563 2587 696 2662 alumni
718 2588 828 2664 varios
852 2597 890 2664 et
909 2597 1032 2688 gentes
1053 2597 1089 2664 at
1109 2595 1239 2664 acuns
1261 2589 1329 2702 sibi
1351 2590 1547 2679 adeundus,
1572 2591 1778 2691 sapientiam

258 2699 397 2784 omnino
429 2707 622 2782 seculorum
651 2706 795 2806 plurimi
826 2707 1016 2784 hdcndam
1052 2731 1127 2783 esse
1152 2716 1382 2796 censuerunt,
1407 2709 1453 2785 ab
1477 2708 1684 2807 antiquitate
1706 2733 1777 2784 non

258 2829 374 2906 minus
403 2850 509 2924 quam
538 2824 584 2900 ab
613 2850 697 2901 aevo
725 2826 841 2904 medic
874 2827 960 2904 disci
980 2851 1084 2926 posse
1108 2833 1297 2926 putarunt,
1321 2827 1539 2928 salutemque
1561 2827 1691 2904 nonin
1717 2852 1776 2928 ex·

258 2947 474 3046 peditionum
495 2967 730 3036 minuar,
756 2944 819 3022 sed
836 2946 875 3022 in
893 2969 1011 3022 rerum
1035 2945 1280 3035 humanitatis,
1304 2970 1453 3044 quornm
1473 2947 1552 3022 illae
1573 2971 1654 3046 pars
1674 2955 1777 3034 sunt,
1840 2990 1847 2997 -

259 3065 380 3142 notitia
393 3065 539 3166 positam
552 3087 628 3143 esse
643 3064 873 3145 crediderunt.
900 3065 1015 3155 Hinc,
1031 3065 1238 3164 cuicumque
1252 3064 1428 3143 doctrinas
1442 3090 1582 3166 operam
1595 3075 1779 3157 navarent,

259 3186 428 3286 praesidis
448 3186 623 3286 petierunt
644 3186 690 3263 ud
710 3185 946 3263 recentissima
965 3209 1126 3287 quaeque
1145 3184 1372 3286 intelligenda
1384 3193 1431 3267 et
1452 3185 1688 3263 diiudicanda.

307 3307 461 3407 Tempus
482 3313 622 3395 monet,
642 3314 684 3381 nt
702 3305 879 3383 absolvam
897 3307 941 3383 do
963 3306 1027 3395 iis,
1053 3303 1182 3404 quibus
1204 3304 1346 3383 meliore
1365 3305 1441 3380 luto
1463 3304 1566 3380 finxit
1581 3306 1779 3404 praecordia

261 3426 372 3503 nun.
423 3427 567 3525 Ithue,
600 3450 887 3526 quemquamne
922 3430 1050 3501 terram
1085 3424 1228 3523 quidem
1260 3422 1379 3513 video,
1414 3423 1489 3500 vela
1518 3423 1718 3500 contraham
1742 3432 1779 3499 et

261 3544 375 3621 statim
398 3544 561 3633 afferam,
592 3543 688 3643 quod
710 3542 830 3643 procul
855 3543 963 3619 dubio
996 3550 1050 3618 ost
1085 3542 1341 3643 gravissimum.
1398 3543 1518 3641 Ipsam
1539 3543 1678 3619 illorum
1703 3543 1778 3619 alu·

260 3688 418 3741 mnornm
438 3664 546 3740 vitam
568 3662 654 3739 volo.
696 3662 788 3739 'Fuit
805 3662 889 3737 haec
908 3661 1161 3737 honestissima.
1211 3660 1276 3734 Nil
1297 3657 1450 3735 conscire
1474 3658 1561 3750 sibi,
1586 3659 1683 3743 nuda
1705 3661 1779 3760 pcl-

262 3787 384 3861 lescere
417 3784 538 3884 culpa,
575 3783 669 3859 bunc
701 3806 842 3859 morum
876 3780 1049 3857 mensum
1083 3778 1268 3880 putabant.
1324 3778 1368 3853 Ιιι
1406 3777 1550 3856 amabili
1590 3778 1780 3855 iuventutis

262 3904 432 3981 hilaritate
467 3904 582 3979 mam
614 3927 714 3979 ruere
750 3901 990 3977 meminerant.
1040 3899 1201 3989 Pulchri,
1237 3899 1327 3989 veri,
1362 3898 1543 3997 sanctique
1575 3924 1691 3976 amors
1717 3900 1778 3975 lla·

263 4032 401 4124 grantes
427 4028 464 4097 at
491 4022 688 4122 cognitione
716 4023 771 4097 sui
802 4046 844 4097 eo
879 4021 1123 4107 modestiores,
1160 4042 1232 4118 quo
1262 4018 1375 4117 magis
1402 4017 1489 4093 recti
1515 4019 1614 4093 cultu
1641 4026 1779 4117 pectora

263 4144 491 4233 roborabant,
516 4143 603 4219 tales
627 4168 664 4219 se
690 4139 920 4242 praebebant,
945 4140 1007 4239 qui
1027 4139 1157 4238 accepti
1173 4137 1394 4227 hominibus,
1416 4138 1549 4237 accepti
1562 4137 1639 4213 Deo
1652 4149 1778 4215 essem.

263 4264 318 4339 Ita
342 4263 484 4362 iugenio
505 4261 690 4361 animoque
713 4261 842 4337 exculti
865 4260 1006 4337 Almam
1029 4260 1181 4337 Matrem
1201 4258 1438 4358 reliquerunt,
1462 4281 1575 4357 quum
1600 4266 1780 4355 tamquam

263 4385 298 4459 in
328 4407 435 4459 cursu
461 4390 580 4471 erant,
614 4389 674 4471 ut,
708 4403 948 4481 quaecumque
972 4378 1159 4479 aliquando
1184 4385 1302 4455 menta
1326 4376 1522 4466 volverent,
1546 4376 1631 4453 haec
1651 4378 1780 4479 perite,

265 4512 402 4579 abacos
429 4503 641 4602 honesteque
663 4508 942 4601 exsequerentur.

312 4741 433 4816 Nostis
458 4742 687 4817 fundamenta
708 4740 754 4816 ab
780 4737 824 4813 iis
844 4736 1136 4814 commilitonibus
1158 4737 1269 4826 iacta,
1293 4734 1423 4834 quibus
1442 4734 1580 4834 gloriari
1603 4758 1671 4809 uon
1690 4734 1779 4810 desi-

270 4859 322 4935 nit
340 4860 541 4937 Academia.
590 4860 807 4937 Videnturne
830 4858 914 4935 hacc
937 4856 1034 4933 vobis
1050 4856 1200 4932 firmiora
1218 4878 1325 4954 quam
1347 4862 1388 4929 ut
1407 4853 1549 4930 invenih
1565 4862 1677 4931 aetate
1699 4858 1781 4955 poni
