4967 6175
917 674 1195 745 ORATIO.
1774 674 1819 742 33

298 888 379 988 quis
413 892 569 963 nostrum
604 882 770 983 ignorat?
808 883 852 956 In
873 882 1008 958 dierum
1031 882 1170 959 illonrm
1191 881 1393 958 memoriam
1414 881 1599 957 mdenntes
1619 880 1820 957 etiamnunc

301 1006 538 1083 horrescimus.
588 998 784 1078 Praestaret
816 1024 899 1078 sane
928 1000 1112 1077 infandum
1141 1001 1235 1077 hunc
1269 1000 1423 1077 dolorem
1447 1025 1518 1076 non
1541 1025 1720 1090 renovare,
1750 1000 1819 1075 nisi

298 1125 402 1201 simul
432 1123 579 1200 recolere
610 1121 727 1197 liceret
757 1121 948 1197 beneticam
982 1115 1077 1197 illam
1107 1119 1197 1209 dm,
1231 1144 1337 1220 quam
1366 1120 1404 1195 in
1433 1120 1578 1197 viduam
1603 1120 1818 1220 liberosque,

293 1241 451 1343 quamvis
474 1239 694 1317 acerbissimo
717 1238 816 1315 luctu
839 1238 1038 1338 depressos,
1062 1238 1186 1339 habuit
1211 1246 1249 1313 et
1268 1238 1484 1315 sanctissima
1505 1263 1654 1315 ennrsrr
1679 1239 1818 1339 religio,

295 1362 445 1463 grunitu
466 1360 602 1437 afflictis
623 1356 744 1435 solatia
765 1357 929 1449 afferens,
953 1365 990 1433 et
1009 1357 1099 1435 vitae
1117 1358 1378 1434 laudabilitate
1399 1358 1548 1461 coniuge
1568 1366 1604 1433 et
1625 1366 1723 1457 patre
1743 1384 1820 1457 per·

293 1491 391 1559 actae
424 1482 481 1582 pia
510 1479 710 1555 recordatio.
769 1478 865 1568 Quae
896 1501 1010 1577 neque
1041 1478 1078 1552 in
1115 1500 1330 1553 rnrnnonnrr
1362 1477 1466 1554 domo
1497 1491 1665 1577 umquam
1689 1478 1819 1551 exstin-

295 1610 444 1704 guetur,
477 1624 541 1676 nec
564 1598 686 1688 nobis,
710 1596 869 1698 collegis,
894 1596 1034 1687 amieis,
1059 1596 1236 1697 discipulis
1260 1596 1360 1673 facile
1386 1596 1531 1673 excidet.
1581 1596 1705 1675 Virum
1726 1597 1821 1672 enim
1940 1700 1944 1707 Ἴ

294 1722 475 1798 amisimus
500 1720 650 1807 bonum,
675 1718 893 1805 modestum,
919 1724 1099 1791 strennum
1121 1716 1331 1792 Academiae
1354 1724 1390 1791 et
1411 1716 1671 1817 disciplinarum
1691 1742 1820 1816 propu-

292 1847 495 1941 gnatorem,
529 1837 774 1937 discipulorum
801 1836 925 1910 ducem
952 1834 1110 1922 fidelem,
1133 1841 1318 1933 patronum
1340 1834 1567 1925 acerrimum,
1591 1836 1742 1911 amicum
1765 1836 1819 1912 in·

294 1957 531 2059 tegerrimum.
589 1957 717 2031 Beatos
737 1954 860 2030 merito
886 1953 1125 2054 predicamus,
1149 1952 1193 2028 de
1215 1952 1345 2052 quibus
1366 1952 1540 2030 defunctis
1563 1954 1613 2030 sie
1636 1980 1680 2031 ex
1703 1956 1820 2031 animo
1857 1964 1865 1977 ‘

292 2077 412 2155 testari
435 2075 532 2152 licetl

342 2317 480 2407 Quanta
502 2313 548 2389 sit
570 2334 686 2389 rerum
708 2311 940 2385 humanarum
962 2310 1193 2386 inconstantia
1210 2335 1288 2387 raro
1311 2310 1437 2386 clarius
1457 2336 1564 2411 quam
1584 2311 1622 2385 in
1644 2333 1693 2386 nn
1714 2334 1819 2385 varn-

297 2458 346 2509 s11
376 2434 448 2511 fato
476 2431 646 2533 apparuit.
695 2430 800 2504 Anno
827 2429 1001 2529 superiore
1023 2429 1233 2507 Academiae
1255 2431 1432 2530 negandae
1455 2455 1586 2506 munus
1610 2431 1821 2531 suscipiens,
1848 2446 1853 2453 ’

294 2575 343 2627 nn
362 2573 559 2638 varnsrnrr,
580 2550 618 2622 in
637 2546 784 2648 patriam
806 2570 888 2621 mor
911 2548 1125 2638 rediturum,
1146 2548 1233 2624 mihi
1258 2574 1489 2627 successorem
1509 2551 1632 2625 datum
1652 2552 1695 2624 iri
1716 2561 1821 2625 autn-

292 2669 452 2757 mabam,
477 2667 579 2741 hodie
602 2692 646 2742 er
667 2667 732 2741 hoc
756 2666 832 2764 ipso
857 2667 931 2742 loeo
958 2668 1192 2743 salutandum.
1241 2668 1362 2744 Rediit
1384 2694 1488 2761 sane,
1513 2678 1551 2746 ot
1570 2669 1721 2769 corporis
1742 2669 1820 2743 viri·

292 2788 362 2864 bus
382 2789 532 2875 fractus,
557 2792 598 2861 ut
620 2785 693 2859 iam
715 2793 800 2859 tnnc
824 2784 869 2859 de
892 2786 1003 2859 salute
1029 2787 1105 2879 eins
1127 2785 1263 2860 solliciti
1283 2812 1449 2864 essemus.
1499 2789 1558 2862 Ad
1577 2787 1822 2887 gravissimum

294 2907 458 2984 morbum
491 2928 602 3005 quum
633 2903 809 2979 accederet
835 2902 965 3003 duplex
988 2903 1102 2979 clades
1126 2903 1334 2995 domestica,
1358 2949 1408 2963 -
1431 2930 1575 2981 uxorem
1597 2906 1711 2995 enim,
1737 2933 1821 3006 qua-

294 3051 376 3104 cum
397 3050 460 3126 per
481 3024 625 3124 triginta
645 3022 716 3098 lere
737 3046 846 3097 annos
868 3021 1007 3097 iunctus
1026 3022 1158 3112 fuerat,
1182 3022 1296 3098 filium
1316 3022 1398 3099 dein
1420 3026 1563 3100 unicum
1582 3024 1691 3099 flebili
1711 3034 1820 3101 morte

295 3146 431 3235 amisit3
455 3187 507 3206 -
529 3149 632 3218 aucta
657 3147 711 3215 est
735 3140 820 3216 hacc
844 3147 961 3214 nostra
983 3139 1155 3228 anxietas,
1180 3165 1288 3238 quam
1314 3140 1422 3218 cheul
1448 3150 1593 3218 eventus
1618 3146 1820 3256 comproba·

293 3266 353 3342 vit.
412 3264 469 3338 Ita
501 3260 644 3361 quidem
666 3281 736 3335 non
769 3257 884 3334 dicam
908 3257 1075 3347 refectus,
1101 3258 1163 3332 sed
1187 3259 1315 3334 menda
1339 3260 1455 3360 vigore
1479 3269 1660 3361 tamquam
1684 3273 1819 3338 erectus

295 3390 348 3460 est
380 3391 416 3459 et
443 3385 677 3469 sustentatus,
702 3385 744 3453 nt
769 3377 907 3477 publice
929 3376 1056 3452 babere
1080 3377 1233 3477 potuerit
1252 3379 1460 3469 orationem,
1485 3405 1556 3479 qua
1579 3405 1696 3457 coram
1719 3382 1818 3456 andi-

294 3502 428 3579 toribus
451 3499 668 3577 Academicis
690 3498 734 3573 de
757 3496 880 3572 itinere
902 3495 939 3569 in
964 3495 1102 3570 Indiam
1126 3496 1340 3572 Orientalcm
1366 3507 1525 3598 suscepto
1545 3500 1715 3575 rationem
1739 3501 1817 3575 red·

294 3620 393 3698 didit.
445 3619 515 3695 Sed
539 3619 574 3693 vi
597 3616 710 3694 morbi
733 3616 827 3692 lento
854 3614 968 3716 gradu
994 3616 1211 3714 procedentis
1233 3625 1462 3719 consumptus
1485 3618 1628 3695 tandem
1652 3620 1708 3694 die
1734 3621 1820 3694 23‘10

294 3765 341 3818 m.
367 3739 516 3815 Ianuarii
539 3761 620 3814 cnm
642 3744 753 3812 morte
775 3737 881 3814 vitam
904 3736 1141 3812 commutavit.
1626 3820 1629 3827 ‚

342 3860 459 3934 Nemo
481 3857 632 3958 profecto
652 3856 817 3932 Vestrum
840 3881 861 3930 a
883 3881 959 3944 me,
984 3854 1165 3956 theologo,
1190 3854 1423 3956 exspectabit,
1449 3858 1817 3934 utOlnr.nnvn1nsr

296 3979 401 4055 dmm
430 3978 508 4054 fuse
533 4002 688 4053 enarrem
715 3977 828 4077 deque
851 3975 927 4050 eins
950 3976 988 4051 in
1011 3975 1229 4075 disciplinam
1252 3975 1448 4051 botanicum
1467 3977 1598 4053 meritis
1623 4002 1817 4076 exponam,

298 4098 394 4196 quod
416 4106 490 4173 tam
519 4096 615 4172 brevi
635 4097 837 4195 interposito
860 4096 1026 4196 temporis
1050 4095 1228 4170 intervallo
1250 4120 1295 4170 ne
1318 4095 1475 4170 eiusdem
1497 4096 1638 4192 quidem
1664 4096 1816 4193 discipli·
1839 4080 1842 4087 ¹
1870 4081 1874 4092 ¹

298 4240 365 4292 nac
394 4217 621 4316 peritus·rite
651 4217 762 4292 faeere
788 4241 937 4317 possem.
986 4215 1176 4314 Praecipua
1206 4213 1323 4311 potius
1347 4213 1422 4288 eine
1442 4213 1515 4288 lata
1539 4213 1740 4288 brevissime
1766 4214 1815 4290 sic

299 4334 591 4426 commemorabo,
617 4344 660 4412 nt
684 4361 791 4437 qnam
814 4335 922 4410 tristis
946 4334 992 4410 sit
1013 4342 1048 4408 et
1070 4332 1170 4434 quasi
1195 4332 1349 4433 magicus
1373 4331 1462 4408 vitae
1483 4332 1578 4408 illins
1602 4333 1717 4409 exitus
1738 4358 1816 4433 per-

299 4455 536 4532 sentiscamus.
574 4455 689 4532 Natus
710 4457 819 4557 igitur
839 4477 1062 4532 onrnrnrnrns
1085 4476 1269 4530 anunrons
1288 4476 1338 4528 ns
1357 4477 1490 4529 vnmsn
1505 4453 1540 4530 d.
1565 4459 1652 4529 11...
1673 4479 1720 4530 m.
1741 4456 1817 4529 Au·

276 4574 394 4674 ‚gusti
414 4598 506 4649 anno
531 4575 626 4649 1806
647 4574 683 4649 in
707 4599 797 4674 pago
816 4571 1024 4650 Brabantiae
1049 4572 1332 4671 Septentrionclis
1355 4573 1586 4664 Oosterhont,
1609 4575 1647 4649 in
1661 4577 1816 4673 Gymna-

299 4693 350 4768 sio
378 4691 543 4769 leidensi
563 4693 733 4794 imprimis
756 4720 777 4770 c
800 4693 901 4768 Dect.
926 4715 1037 4768 nossa
1058 4692 1261 4783 institutus,
1293 4691 1339 4768 ab
1361 4717 1453 4768 anno
1476 4692 1582 4769 huius
1610 4694 1718 4770 seculi
1742 4698 1817 4768 25⁶⁰

299 4812 507 4891 Academiae
536 4821 672 4890 nostrae
701 4814 803 4906 civis,
836 4839 898 4915 par
921 4813 1199 4914 quinquennium
1222 4813 1414 4913 disciplinis
1437 4812 1589 4912 physicis
1611 4821 1648 4890 et
1670 4812 1818 4887 Medici·

1625 4935 1648 5005 b
