4967 6175
903 701 1137 771 aarum
1714 706 1778 776 133

264 907 495 996 clarissimis,
519 931 582 1007 pro
610 905 843 982 moderamine
866 914 902 982 et
926 933 988 1006 pro
1013 908 1142 1012 insigni
1166 907 1404 984 benevolentia
1423 917 1538 1009 grates
1559 911 1706 1012 aginam.
1731 953 1779 970 -

260 1030 337 1103 Iam
369 1051 479 1126 pauca
513 1051 576 1125 pro
610 1051 667 1102 me
695 1026 770 1126 ipse
797 1025 927 1124 loquor.
979 1027 1105 1102 Nonne
1126 1027 1217 1103 inter
1237 1037 1272 1102 te
1293 1036 1330 1102 et
1352 1053 1428 1117 me,
1453 1053 1583 1107 meoar
1607 1055 1780 1106 ancoras

261 1171 405 1222 carons
429 1169 593 1233 novara,
618 1147 803 1224 caesnas
827 1144 895 1218 fuit
923 1170 945 1218 a
970 1145 1161 1244 puerilibus
1183 1146 1266 1221 inde
1291 1148 1417 1223 anuis?
1454 1149 1658 1250 Numquam
1682 1151 1779 1227 resri-

260 1277 377 1368 gescat
409 1267 531 1342 haecce
564 1274 682 1342 nostra
711 1264 881 1355 amicitia,
914 1273 1052 1341 maneat
1079 1265 1252 1364 usquein
1281 1291 1391 1342 seram
1417 1278 1649 1359 senectutem,
1673 1296 1780 1370 quam

260 1389 425 1476 hilarem,
456 1385 667 1474 iucundam,
692 1385 913 1462 honorificam
937 1385 1004 1461 tibi
1023 1385 1146 1462 reddat
1167 1409 1343 1462 summum
1366 1387 1434 1462 Dei
1453 1389 1614 1463 Numen!
1639 1391 1781 1464 -Sed

258 1509 329 1583 iam
350 1506 530 1581 verborum
554 1505 649 1580 satis.
700 1505 818 1580 Unum
844 1505 1046 1581 solvendum
1068 1514 1224 1605 superest
1242 1513 1369 1580 votum.
1414 1504 1542 1582 Vivant
1564 1507 1782 1607 Amplissimi

260 1628 463 1713 Curatores,
496 1624 709 1700 Professores
742 1633 777 1700 et
809 1625 980 1701 lectores.
1043 1623 1149 1701 Vivat
1180 1633 1216 1699 et
1250 1627 1371 1700 floreat
1400 1649 1566 1724 generosa
1598 1627 1779 1717 iuventus,

259 1747 370 1822 almae
403 1745 508 1819 huius
540 1744 748 1820 Academiae
783 1743 926 1820 alumni.
981 1745 1104 1833 Vivat,
1137 1745 1276 1835 floreat,
1309 1753 1458 1834 crescat,
1492 1745 1559 1820 sub
1589 1748 1681 1847 regis
1705 1751 1779 1823 Au·

258 1863 452 1966 gustissimi
473 1863 655 1963 auspiciis,
686 1862 875 1939 Academia
900 1862 1249 1938 Rheno-Traiectiua.
1300 1864 1356 1937 lta
1379 1862 1466 1938 faxit
1490 1865 1588 1940 Deus
1613 1866 1780 1968 Optimus

259 1984 456 2071 Maximus,
480 1983 551 2057 imo
576 2007 620 2056 ex
644 1990 781 2081 pectore
807 2007 935 2080 precor.

368 2179 577 2274 Interposito
601 2179 724 2250 maaca
748 2185 926 2264 concentu,
952 2177 1081 2252 Rector
1106 2179 1211 2252 deam
1236 2178 1371 2250 diremi
1385 2186 1510 2274 partes
1532 2180 1682 2275 acecpit.

308 2339 547 2415 Honorificum
582 2349 654 2425 est,
686 2337 894 2414 Academiae
919 2337 1273 2413 Rheno-'Proiectinae
1297 2338 1450 2427 alumni,
1476 2341 1521 2415 ob
1551 2367 1629 2418 eam
1656 2342 1780 2416 doetri-

259 2487 324 2536 nae
360 2459 624 2560 praestantiam,
658 2481 747 2555 quae
770 2457 970 2532 notissimae
997 2458 1165 2532 formulae
1189 2458 1276 2530 lines
1299 2459 1493 2557 egreditur,
1525 2486 1546 2535 a
1572 2461 1783 2560 peritissimo

259 2605 399 2680 quoque
421 2577 564 2653 laudari.
616 2577 696 2650 Hoc
718 2584 757 2650 ut
776 2577 916 2676 penitus
944 2575 1133 2664 sentiretis,
1160 2584 1301 2650 senatus
1321 2578 1550 2653 Academicus
1568 2582 1782 2678 praesentiae

260 2711 391 2776 vestrae
425 2706 561 2772 tantum
594 2695 737 2784 tribuit,
773 2704 943 2794 quantum
976 2695 1084 2770 tribui
1118 2695 1308 2795 plurimum
1342 2705 1467 2794 potest.
1522 2699 1645 2773 Festos
1680 2700 1782 2774 nobis

259 2820 335 2894 dies
374 2817 514 2917 paratis.
584 2815 735 2890 Venient
764 2815 854 2890 cives
889 2826 925 2890 et
961 2815 1113 2914 hospites
1148 2815 1184 2890 in
1224 2816 1503 2890 communionem
1537 2818 1675 2916 gaudii,
1711 2843 1782 2917 quo

259 2963 387 3039 pompa
412 2943 540 3022 vestra,
565 2934 717 3033 locuples
739 2935 799 3010 illa
821 2935 1012 3035 elegantiae
1040 2933 1216 3032 studiique
1239 2935 1360 3023 testis,
1385 2944 1421 3010 et
1447 2948 1635 3013 concentus
1658 2940 1782 3015 musici

260 3055 470 3161 praestantia
500 3054 633 3131 animos
664 3065 798 3131 nostros
834 3053 1052 3156 persuadent.
1099 3054 1169 3131 Sed
1199 3053 1302 3145 haec,
1336 3079 1550 3155 quamquam
1575 3083 1637 3157 ape
1661 3069 1697 3134 et
1723 3085 1781 3135 ex·

261 3178 473 3279 spectatione
497 3174 653 3250 suaviora
678 3174 750 3249 lore
778 3200 949 3275 auguror,
974 3200 1068 3250 nuuc
1094 3183 1231 3262 tamen,
1258 3174 1324 3249 etsi
1348 3174 1501 3265 invitus,
1526 3180 1782 3275 praetermitto,

260 3297 543 3393 mentionemque
578 3316 720 3382 eorum,
755 3292 883 3391 quibus
917 3302 993 3367 tum
1027 3292 1071 3367 de
1111 3300 1222 3367 vestra
1260 3302 1335 3368 tum
1372 3319 1451 3369 vero
1485 3296 1530 3368 de
1560 3298 1783 3395 magistratus

260 3416 387 3495 urbani
408 3416 444 3491 in
467 3412 691 3489 Academiam
716 3411 892 3487 voluntate
919 3417 1071 3499 constat,
1096 3411 1134 3486 in
1155 3436 1234 3485 eum
1260 3411 1381 3487 differo
1402 3413 1513 3502 mam,
1539 3438 1609 3513 quo
1627 3416 1783 3492 Raetoris

260 3560 392 3613 munus
430 3531 618 3610 successori
651 3531 796 3607 tradam.
846 3532 938 3607 Nam
961 3532 1025 3606 hac
1051 3530 1135 3606 hora
1161 3538 1196 3605 et
1221 3531 1258 3605 in
1280 3530 1345 3605 hoc
1367 3532 1552 3608 Auditorio
1576 3534 1784 3613 Academico

262 3682 302 3733 ea
333 3651 607 3756 prudentissimo
630 3650 756 3750 cuique
781 3650 890 3725 menti
915 3650 1160 3739 obversantur,
1193 3672 1343 3749 quorum
1364 3654 1644 3729 commemoratio
1670 3680 1785 3754 neque

263 3775 392 3851 differri
426 3772 498 3847 ulla
528 3770 658 3847 ratione
685 3776 799 3868 potest
822 3794 885 3846 nec
910 3769 1021 3868 premi
1047 3768 1183 3845 silentio
1207 3769 1321 3844 debet.
1372 3770 1511 3847 Horum
1536 3796 1594 3849 me
1618 3774 1783 3877 interpre-

263 3902 391 3971 temet
421 3892 492 3967 Vos
516 3898 552 3966 et
574 3889 762 3965 Auditores
786 3890 902 3965 cuncti
925 3888 1099 3965 benevolis
1123 3888 1249 3965 animis
1273 3888 1433 3964 audiatis.

313 4136 440 4209 Annus
472 4127 587 4229 agitur
618 4126 663 4202 ab
695 4126 810 4203 alteris
842 4124 1051 4201 Academiae
1089 4123 1301 4199 secularibus
1335 4124 1480 4224 quintus
1518 4132 1554 4202 et
1590 4128 1783 4206 vicesimus.

265 4252 364 4335 Quid
396 4250 481 4325 haee
515 4248 670 4347 quinqua
701 4246 808 4322 lustra
843 4245 1035 4321 docueruut
1067 4267 1183 4319 rerum
1213 4244 1501 4320 Academicorum
1530 4245 1625 4321 hand
1646 4248 1786 4348 ignaros

264 4372 439 4474 pauloque
475 4366 676 4467 diligentius
711 4366 749 4441 in
784 4364 900 4440 studia
935 4364 1149 4465 inquirentes
1182 4362 1392 4439 Academiae
1427 4365 1672 4442 alumnorum?
1712 4370 1788 4445 Aut

265 4494 418 4569 lallimur
450 4494 513 4564 aut
544 4486 732 4563 maximam
764 4492 900 4584 purtem
931 4484 1179 4559 confirmarunt
1214 4507 1277 4573 aa,
1309 4507 1400 4581 quac
1438 4508 1502 4559 noa
1538 4485 1642 4576 olim,
1675 4496 1787 4564 aetate

266 4614 448 4699 llorentes,
482 4633 504 4683 a
536 4604 724 4683 maioribus
757 4614 843 4681 natu
876 4604 1090 4704 accepimus,
1125 4603 1440 4702 praestantissimos
1474 4604 1675 4681 incivitate
1698 4607 1788 4684 viros

267 4740 406 4808 tantum
442 4751 510 4803 nou
547 4750 668 4801 omues
701 4724 910 4799 firmissimis
945 4723 1030 4811 niti,
1067 4746 1157 4823 quae
1189 4722 1225 4798 in
1261 4722 1450 4798 Academia
1476 4723 1637 4814 iecerint,
1660 4724 1788 4801 funda·

270 4850 409 4927 meutis.
459 4846 558 4924 Haeo
584 4844 701 4945 qualia
723 4842 813 4933 sint,
839 4843 869 4920 si
890 4842 1091 4944 singillatim
1114 4864 1341 4942 exponerem,
1364 4842 1468 4917 citius
1488 4866 1546 4917 me
1567 4848 1705 4941 tempus
1727 4844 1787 4919 de·
