4967 6175
667 654 711 721 80
1218 647 1243 715 l.
1278 642 1317 712 Δ.
1350 644 1386 713 G.
1421 642 1642 715 novus

669 857 768 934 nulls
798 856 874 957 lege
905 850 1184 950 circumscriptae
1218 848 1373 927 fautores
1404 850 1636 952 perhibebant
1662 856 1699 927 et
1722 849 1860 928 muneri
1884 875 1980 927 sacro
2001 857 2076 927 tam
2101 852 2196 950 apud

667 975 865 1053 catholicos
896 996 1002 1073 qnam
1035 970 1131 1072 apud
1161 970 1398 1045 Protestantcs
1428 970 1592 1048 maiorem
1619 972 1828 1075 dignitatem
1849 980 1885 1047 et
1905 970 2196 1049 existimationem

669 1095 849 1175 conciliare
877 1090 1117 1170 conabantur''
1146 1090 1189 1184 ¹).
1238 1089 1372 1167 Verum
1400 1098 1437 1166 et
1463 1090 1501 1165 hi
1524 1098 1561 1166 et
1585 1091 1644 1169 alii
1672 1091 1815 1192 collapsi
1839 1090 1988 1167 aedificii
2013 1116 2077 1167 suo
2101 1091 2196 1191 quis·

670 1240 739 1319 que
773 1214 877 1291 modo
906 1213 1153 1288 instauratores
1186 1216 1370 1285 moverunt
1403 1210 1577 1301 multum,
1613 1219 1861 1313 promoverunt
1876 1236 2032 1311 parum.
2091 1212 2198 1292 Quod

669 1345 787 1414 tamen
813 1334 857 1409 iis
882 1330 1047 1409 omnibus
1066 1329 1278 1429 persuasisse
1301 1353 1434 1406 annum
1457 1354 1743 1407 crnrncccxnvnr
1766 1330 1824 1406 vix
1842 1330 2058 1407 crediderim.
2092 1324 2199 1407 Hunc

671 1457 764 1533 enim
788 1452 947 1531 nonnulli
967 1450 1185 1552 appellarunt
1206 1475 1330 1523 ansam
1338 1453 1513 1547 furiosam
1524 1454 1580 1544 ⁸),
1605 1450 1781 1540 nondam,
1808 1459 1916 1551 puto,
1933 1436 2198 1551 perspicientes,

671 1574 811 1653 cauam
841 1596 983 1659 eorum,
1016 1594 1107 1669 quae
1129 1568 1253 1642 merito
1274 1566 1525 1667 reprehendas,
1559 1569 1708 1669 positam
1729 1569 1767 1644 in
1790 1568 1911 1670 primis
1937 1596 2012 1643 esee
2038 1569 2076 1645 in
2095 1568 2200 1645 rebus

672 1722 716 1775 ex
742 1707 939 1793 temporum
963 1695 1144 1767 contemtu
1163 1687 1483 1787 imprudentissime
1503 1689 1625 1790 gestis.
1683 1690 1757 1765 llac
1780 1688 1905 1764 veteris
1931 1688 2078 1764 aedificii
2101 1689 2203 1766 ruina

671 1840 795 1920 parum
813 1811 927 1889 abluit
948 1809 1035 1909 quin
1053 1806 1307 1908 opprimeretur
1328 1827 1628 1883 sarrraurcsrus
1650 1830 1767 1882 senex.
1818 1806 1918 1883 Quid
1938 1806 1997 1882 ille
2019 1804 2148 1883 deinde
2166 1807 2204 1884 in

672 1935 819 2039 petrium
844 1930 954 2007 redux
979 1928 1024 2004 de
1047 1925 1218 2025 Sisyphiis
1240 1924 1407 1999 iudicarit
1428 1950 1666 2002 successorum
1687 1925 1892 2002 laboribus?
1940 1926 2040 2001 Nihil
2058 1928 2203 2005 affirmo.

671 2053 765 2131 Novi
785 2059 924 2139 eutem,
949 2072 1019 2147 qno
1040 2047 1158 2122 animo
1180 2046 1343 2143 Europa,
1367 2043 1501 2145 aliquot
1523 2045 1624 2123 annis
1642 2053 1743 2148 post,
1767 2044 1845 2120 eins
1865 2050 2003 2121 obitam
2021 2048 2203 2147 acceperit

672 2170 833 2251 Decessit
856 2168 1007 2243 virorum
1034 2164 1255 2267 politicorum
1279 2164 1407 2239 Nestor
1428 2189 1470 2240 ec
1494 2165 1571 2255 die,
1596 2166 1659 2266 qui
1681 2165 1757 2240 dies
1783 2188 1940 2265 pugnam
1963 2165 2100 2266 excepit
2124 2168 2203 2243 Me·

672 2292 852 2396 ponticam
889 2296 926 2364 et
959 2285 1057 2361 bravi
1088 2283 1274 2384 praecessit
1302 2283 1570 2361 Sollerinensem
1589 2285 1642 2380 ⁸):
1668 2284 1766 2362 nulls
1789 2307 1940 2383 nsquam
1960 2284 2029 2361 luit
2050 2293 2113 2363 ant
2132 2286 2203 2364 lae·

675 2413 774 2489 titius
797 2418 860 2488 aut
883 2406 1048 2485 moeroris
1073 2402 1283 2505 significatio
1307 2404 1353 2496 ⁴).
1752 2472 1757 2479 ,

723 2532 823 2608 Duos
845 2524 1034 2603 memoravi
1059 2548 1190 2613 annos,
1214 2522 1320 2598 huius
1347 2520 1455 2598 seculi
1479 2521 1694 2599 tricesimum
1715 2531 1752 2598 et
1777 2522 2085 2625 quadragesimam
2111 2529 2206 2599 ccta-

675 2677 779 2743 vum,
812 2647 1031 2727 assiduorum
1061 2644 1221 2720 laborum
1253 2666 1426 2719 eversuras
1455 2651 1493 2718 et
1519 2667 1598 2719 vero
1628 2651 1736 2719 testes
1768 2645 1945 2745 temporis.
1997 2644 2085 2721 llinc
2111 2645 2208 2721 enim

675 2774 858 2871 utriusque
882 2766 952 2843 rim
977 2763 1222 2864 necopinatam
1246 2771 1283 2839 et
1305 2787 1416 2864 paene
1438 2762 1677 2839 incredibilem
1701 2765 1927 2866 repetendam
1948 2786 2027 2839 esse
2047 2764 2208 2843 arbitror.

675 2892 870 2970 Iudicatote
890 2885 969 2986 ipsi.
1018 2884 1137 2960 Prima
1156 2884 1216 2959 ills
1237 2883 1338 2983 regni
1356 2882 1515 2959 Francici
1533 2884 1731 2972 conversio,
1755 2885 1947 2961 multorum
1964 2884 2210 2961 institutorum

676 3019 791 3111 strage
820 3006 934 3095 edita,
972 3002 1158 3080 ruderibus
1194 3003 1299 3102 prisci
1333 3001 1507 3076 Ordinum
1540 3001 1751 3077 discriminis
1783 3010 2060 3102 superstruxerat
2089 3005 2212 3080 iuram

676 3127 922 3230 aequalitatem
949 3129 985 3198 et
1010 3120 1140 3222 populo
1161 3123 1200 3195 in
1224 3120 1329 3195 rcbna
1355 3120 1428 3194 suia
1451 3119 1670 3196 moderandis
1695 3120 1937 3197 auctoritatem
1963 3121 2211 3202 vindicaverat.

677 3251 757 3326 Hae
787 3244 924 3322 dudum
952 3249 1134 3341 exoptatae
1167 3245 1204 3314 et
1236 3238 1330 3315 vario
1355 3239 1617 3315 commendatae
1636 3256 1922 3340 argumentorum
1946 3265 2073 3340 genere
2093 3267 2211 3341 qaum

677 3372 715 3446 in
735 3370 849 3445 lucem
870 3362 1087 3465 prodierant,
1117 3358 1303 3436 altissimas
1332 3371 1479 3459 egerunt
1503 3359 1657 3451 radices,
1690 3383 1841 3459 quarum
1863 3360 1970 3436 fibras
1992 3360 2138 3436 evellere
2163 3387 2212 3441 ne

678 3514 786 3594 penas
812 3487 929 3587 ipsum
958 3482 1102 3583 quidem
1128 3501 1397 3556 rsronrcunrur
1426 3478 1513 3568 luit,
1546 3479 1609 3579 qni
1628 3478 1818 3579 prudenter
1842 3504 1863 3555 a
1883 3479 2027 3554 disemis
2048 3479 2209 3558 factioni·

679 3610 748 3685 bus
778 3607 870 3680 inter
903 3627 939 3677 se
970 3600 1194 3676 conciliandis
1228 3607 1266 3673 et
1286 3597 1551 3674 commiscendis
1582 3622 1746 3690 exorsus,
1780 3623 1863 3675 mox
1887 3608 2006 3675 tamen
2030 3601 2210 3701 politicam

680 3749 792 3828 aequa
810 3734 917 3824 atque
938 3720 1159 3820 ingeniorum
1180 3718 1377 3794 libertatem
1396 3719 1591 3819 opprimere
1609 3743 1796 3820 aggressus
1813 3728 1877 3798 est.
1924 3720 2057 3797 Verum
2077 3731 2209 3800 temera

682 3855 719 3928 at
748 3869 830 3924 uum
862 3867 927 3918 sua
957 3838 1068 3939 ipsius
1091 3837 1252 3940 pernicie.
1303 3839 1387 3917 Qua
1410 3838 1535 3928 allata,
1559 3863 1629 3914 non
1656 3840 1801 3939 quidem
1824 3844 1990 3940 apparuit
2014 3843 2209 3942 praesentia

681 3972 801 4046 iuncta
821 3959 1132 4062 essepraeteritis,
1157 3957 1219 4034 sed
1243 3957 1367 4033 veteris
1389 3957 1635 4035 dominationis
1655 3961 1827 4062 praesidia
1848 3961 2007 4037 nonnihil
2023 3986 2099 4038 esse
2112 3960 2207 4038 labe·

590 4277 593 4284 ·
725 4247 753 4321 ι)
785 4239 1000 4305 cremonem
1027 4238 1092 4299 our
1118 4237 1163 4299 ee
1187 4237 1328 4299 nm
1353 4239 1411 4300 ur
1435 4237 1634 4314 rucuma
1659 4257 1771 4300 m
1801 4185 2014 4318 ΨΜ*
2034 4236 2208 4320 nemaeus

684 4337 901 4492 Nsssdefflpgpn
918 4333 1027 4488 ἶιιῖινίῑ
1043 4332 1127 4488 lllcct.
1148 4347 1211 4394 nrt
1232 4348 1362 4405 emm,
1384 4337 1481 4408 less,
1500 4331 1618 4414 pardus,
1637 4333 1669 4395 in
1688 4333 1784 4416 primis
1803 4357 1831 4418 p.
1853 4339 1922 4398 850.

727 4431 1290 4638 ⁸l·n.oe.’a.v⁰lleslc101m0nrx,
1316 4541 1426 4604 pugnas
1451 4522 1516 4585 illae
1542 4525 1705 4588 commissae
1730 4531 1795 4588 sunt
1820 4525 1850 4590 d.
1875 4543 1911 4588 nv
1936 4530 1966 4589 st
1991 4523 2209 4588 mreiusdsrn

685 4641 873 4799 megum
899 4711 1068 4774 uomet
1092 4729 1148 4775 ron
1174 4727 1273 4778 cunr.
1292 4729 1446 4778 aunum
1465 4713 1497 4776 in
1516 4731 1577 4778 roa
1597 4715 1716 4780 arnm’r
1734 4717 1902 4780 scorteae
1920 4716 2092 4797 meum
2113 4717 2208 4791 180⁰,

689 4818 726 4889 a,
746 4817 814 4875 sca.
