4967 6175
910 715 1189 786 oaar10.
1744 719 1808 787 165

283 924 436 1000 Aedium
458 925 504 999 sa
523 925 678 1002 Martini.
728 925 855 1000 Eidem
881 925 1057 1026 proposito
1086 948 1130 1000 ex
1161 931 1260 1026 parte
1288 924 1432 999 inservit
1454 924 1652 1001 aedificium
1675 923 1810 1002 dietum

284 1045 343 1119 let
368 1044 699 1132 Ommelanderlaaa,
724 1067 795 1142 quo
818 1043 860 1118 fit
884 1051 924 1118 ut
943 1044 1026 1119 satis
1047 1043 1136 1120 bene
1156 1041 1255 1118 libris
1279 1044 1520 1144 unusquisqne
1539 1046 1650 1146 possit
1670 1045 1735 1122 uti.
1759 1085 1810 1104 -

285 1164 489 1262 Speremus,
515 1163 673 1262 quamvis
695 1162 854 1238 nondum
874 1163 919 1239 ab
943 1164 1039 1239 omni
1061 1170 1158 1263 parta
1183 1170 1317 1238 certum
1340 1163 1407 1252 sit,
1432 1187 1513 1239 mox
1535 1188 1665 1240 norum
1689 1164 1809 1242 aedifi·

282 1283 397 1372 oium,
437 1283 540 1358 hacce
570 1283 754 1358 Musarum
791 1283 873 1360 sade
902 1283 1070 1384 dignum,
1103 1281 1140 1357 in
1175 1281 1412 1359 Bibliothecae
1440 1291 1578 1359 nostrae
1610 1308 1714 1359 usum
1749 1309 1809 1361 ex·

283 1409 454 1478 structum
478 1401 531 1478 iri.

331 1524 375 1597 In
406 1521 520 1597 Horto
552 1521 720 1597 Botanioo
754 1520 962 1597 iamdudum
998 1519 1266 1610 metuebamus,
1299 1545 1343 1597 ne
1377 1521 1563 1621 antiquum
1593 1521 1808 1622 hybernacu·

282 1643 374 1730 lum,
412 1640 593 1718 arboribus
632 1667 676 1716 ex
717 1639 938 1718 calidioribus
975 1640 1176 1741 regionibus
1214 1641 1428 1716 destinatum
1469 1642 1589 1742 (vulgo
1618 1645 1662 1718 de
1696 1644 1808 1718 Orca-

273 1766 403 1862 jeria),
436 1761 558 1838 aetatis
589 1761 666 1836 labe
697 1770 899 1860 corruptum
922 1761 959 1838 in
986 1760 1123 1836 ruinam
1151 1761 1310 1851 caderet,
1335 1761 1562 1861 quamobrem
1589 1763 1810 1864 praecedeuti

281 1905 391 1970 anno,
423 1888 595 1981 quantum
629 1880 704 1956 fieri
734 1881 864 1980 possit,
896 1887 997 1956 caute
1030 1880 1191 1956 fulcitum
1218 1888 1282 1958 est.
1331 1881 1538 1971 hetonam,
1564 1906 1659 1958 nunc
1678 1907 1809 1960 norum

282 2010 386 2101 atque
421 2001 613 2100 spatiosum
647 2000 849 2076 huiusmodi
884 1999 1156 2099 hybernaculum
1190 2007 1226 2074 et
1262 1998 1345 2075 huic
1378 2001 1544 2076 adiuncta
1575 2001 1739 2100 speciales
1771 2003 1808 2079 in

283 2145 370 2198 usus
396 2120 517 2196 horrca
540 2120 632 2196 intra
656 2120 759 2197 breve
786 2129 924 2220 tempus
948 2125 1165 2194 exstructum
1190 2117 1245 2197 iri.

330 2240 560 2341 Reliquorum
577 2239 893 2340 ιιιίιιιίιιὶοιιΙοιιιιιι,
918 2264 1008 2340 quae
1027 2237 1153 2312 studiis
1178 2237 1331 2337 physicis
1355 2246 1391 2314 et
1413 2237 1576 2314 chemicis
1601 2238 1811 2331 inserviunt,

282 2362 443 2461 frequens
475 2368 528 2435 ast
565 2383 661 2435 usus.
711 2360 898 2459 Augentur
925 2366 1030 2457 atque
1059 2357 1310 2447 emendantur,
1336 2365 1511 2459 quantum
1533 2357 1683 2458 pecunia
1708 2367 1809 2459 quot·

283 2481 382 2557 annis
400 2504 561 2556 concessa
587 2478 679 2556 sinit.
731 2481 833 2554 Idem
856 2477 944 2554 valet
969 2477 1012 2552 de
1034 2476 1231 2552 studiorum
1256 2479 1471 2554 medicorum
1493 2477 1696 2577 praesidiis,
1719 2478 1812 2556 inter

283 2625 372 2701 quae
397 2599 577 2700 speciatim
603 2599 687 2674 artis
714 2599 931 2676 obstetricias
955 2597 1188 2673 iustrumenta
1215 2597 1280 2673 hoo
1303 2621 1394 2674 anno
1417 2604 1521 2672 aucta
1546 2603 1640 2672 sunt.
1820 2600 1822 2603 ’

331 2721 389 2795 Sic
423 2719 541 2796 omnia
571 2719 628 2796 hio
661 2719 776 2796 fausto
812 2719 927 2794 omine
964 2716 1157 2818 procedunt
1191 2725 1228 2793 et
1261 2717 1348 2795 haec
1381 2741 1522 2818 quoque
1546 2716 1736 2796 Academia
1764 2719 1812 2796 ad

282 2865 505 2916 communem
542 2838 689 2916 diritatis
720 2838 905 2915 litterariae
939 2837 1139 2940 patriaeque
1178 2837 1327 2914 salutem
1364 2862 1465 2914 auam
1496 2845 1632 2939 partem
1666 2837 1809 2917 confert.

283 2959 427 3037 Utinam
460 2958 545 3058 haec
575 2961 692 3036 omnia
719 2960 768 3036 sic
793 2957 907 3034 fausta
928 2964 1092 3033 maneant
1116 2963 1304 3047 atomus,
1329 2981 1436 3058 quem
1461 2958 1659 3057 proclamo,
1682 2959 1811 3035 Rector

287 3080 414 3157 hancce
448 3087 602 3157 nostram
637 3079 849 3157 carissimam
876 3077 1004 3156 ulmam
1027 3083 1175 3153 matrem
1195 3075 1233 3153 in
1259 3076 1335 3155 dies
1356 3076 1469 3179 magis
1488 3077 1673 3179 magisque
1694 3077 1813 3157 rideat

285 3200 516 3420 fiordddipiiris,
546 3318 638 3396 Olar.
662 3340 769 3393 usesr
796 3318 978 3393 noaaroul
1008 3314 1216 3392 Academias
1244 3314 1364 3393 fasces.
1414 3315 1470 3391 Sit
1492 3316 1559 3393 tibi
1583 3318 1810 3419 magistratus

289 3439 372 3515 felix
396 3446 432 3513 et
455 3438 608 3514 faustus!

335 3560 522 3635 Summum
551 3556 694 3632 Numan
723 3579 922 3657 precamur,
957 3561 997 3630 ut
1018 3553 1227 3631 Academiha
1247 3563 1385 3631 nostrae
1411 3555 1450 3632 iu
1475 3557 1616 3657 longum
1638 3580 1811 3635 annorum

221 3772 226 3779 ,
287 3680 409 3757 seriem
435 3678 585 3779 benigne
608 3676 795 3778 pmspiciat
819 3676 870 3769 ¹)l

331 4614 355 4695 ¹)
383 4614 532 4691 Postquam
561 4605 601 4668 sic
626 4604 683 4682 topi
709 4600 881 4665 satisfactum
905 4599 975 4671 ruit,
1002 4598 1098 4660 habita
1118 4597 1244 4660 emtione
1264 4601 1368 4663 miso
1386 4620 1529 4676 sermone,
1550 4606 1613 4684 post
1631 4604 1753 4686 aliquam
1770 4608 1813 4670 in.

291 4709 510 4778 lamissionem,
537 4704 641 4764 Beotor
661 4698 709 4779 qui
728 4696 812 4759 modo
832 4697 920 4758 issoas
940 4694 1081 4776 deposuit,
1102 4694 1198 4756 eodem
1220 4694 1283 4757 loco
1301 4696 1403 4759 iterum
1422 4697 1507 4760 verba
1525 4696 1593 4759 tacit
1611 4703 1640 4760 et
1658 4718 1734 4762 nuno
1752 4722 1813 4766 rer·

291 4806 389 4867 neoda
418 4818 557 4863 sermones
579 4814 668 4859 noco
685 4796 733 4856 ist
750 4811 818 4855 ocor
837 4792 888 4855 des
905 4794 1010 4853 mk
1029 4792 1197 4869 celsffesda
1214 4810 1270 4854 voa
1286 4793 1321 4855 da
1339 4793 1495 4871 taam
1512 4793 1563 4856 der
1582 4794 1813 4878 Nasum

296 4892 565 4975 Palamedem?
582 4912 652 4974 quse
668 4892 755 4953 altera
772 4888 862 4952 oratio
881 4886 938 4949 ism
958 4904 1034 4949 nuuc
1052 4886 1183 4967 sequitur.
