4967 6175
887 697 1167 771 ORATIO.
1753 706 1795 771 91

270 934 392 987 aarum
428 928 650 1007 progressus,
683 929 770 1003 quos
796 915 953 982 accurate
976 908 1111 983 nomaso
1133 916 1170 984 et
1192 908 1382 985 diiudicare
1396 909 1441 986 -in
1466 909 1703 986 subsidiorum
1725 935 1790 1008 pu·

272 1031 441 1107 blicorum
466 1025 636 1101 tenuitate
661 1024 809 1099 arduum
833 1033 916 1127 est„
948 1026 1113 1126 cogitent
1132 1028 1258 1118 edam,
1282 1028 1534 1105 Bibliotheeam
1560 1055 1630 1105 uon
1652 1039 1791 1107 tantum

270 1149 480 1227 Academiae
511 1144 720 1223 Ductoribus
747 1155 783 1220 et
811 1144 996 1235 Alumuis,
1027 1146 1090 1220 sed
1113 1146 1219 1221 nullis
1244 1171 1317 1222 nou
1340 1148 1421 1223 viris
1442 1148 1567 1238 cultis,
1598 1150 1666 1225 sibi
1686 1149 1791 1226 etiem

272 1270 412 1367 suisque
438 1265 579 1353 amicis,
603 1263 778 1364 cognatis,
803 1262 884 1339 filiis
902 1263 1086 1354 inservire3
1112 1264 1167 1338 vel
1190 1265 1308 1364 potius
1327 1266 1395 1365 ipsi
1416 1268 1593 1367 explorent
1613 1268 1793 1345 thesauros

272 1388 347 1463 illos
366 1393 503 1461 nostros
520 1392 670 1473 attente,
696 1383 836 1473 sedulo,
862 1383 936 1459 sine
963 1383 1115 1484 partium
1137 1384 1274 1474 studio,
1299 1386 1436 1477 disent,
1460 1399 1553 1463 certo
1576 1387 1668 1477 scio,
1695 1414 1792 1464 enon

273 1507 518 1585 somniavimus
556 1504 698 1603 quidem
740 1502 878 1579 divitias
914 1526 1064 1593 csousr,
1100 1504 1162 1579 sed
1196 1504 1286 1581 hanc
1321 1513 1560 1605 paupertatem
1594 1508 1631 1583 in
1667 1509 1793 1584 Almae

273 1628 419 1716 Matris,
452 1650 542 1725 quae
571 1625 744 1701 civitatem
776 1624 1006 1701 'Ihaiectinam
1034 1633 1152 1713 ornat,
1188 1625 1392 1725 supellectili
1425 1626 1575 1703 hterada
1597 1627 1653 1702 vix
1681 1628 1792 1704 lemn·

273 1749 355 1825 dum
380 1770 453 1823 esse
476 1746 694 1821 censemus.’'

321 1867 419 1942 Haec
449 1866 493 1941 de
523 1863 741 1940 Academicis
766 1862 961 1939 studiorum
988 1862 1217 1939 adminiculis.
1269 1864 1411 1942 Quibus
1434 1890 1545 1966 quum
1569 1866 1696 1941 addam
1720 1867 1793 1941 No·

273 1986 460 2064 socomium
492 1983 857 2083 Ophthalmologicum
885 1992 921 2059 et
942 1983 1151 2059 Institutum
1173 1983 1503 2083 Meteorologicum,
1530 2008 1601 2060 non
1622 1962 1791 2073 obiicitis,

264 2106 354 2181 'haec
373 2128 488 2203 neque
512 2104 614 2178 titulo
638 2126 751 2201 neque
773 2102 938 2178 subsidiis
958 2101 1168 2178 Academiae
1190 2102 1311 2176 iuncte
1332 2126 1419 2178 esse.
1468 2104 1563 2178 Nam
1577 2102 1658 2177 huie
1674 2103 1793 2179 iuncta

275 2231 356 2299 sunt
385 2222 572 2298 Praefectis
598 2223 671 2297 suis
696 2229 731 2297 et
751 2220 942 2311 fructibus,
976 2246 1064 2321 quos
1089 2246 1151 2321 per
1170 2220 1254 2309 hos,
1284 2220 1445 2295 instituto
1469 2245 1644 2321 quemque
1666 2247 1730 2297 suo
1753 2223 1790 2297 in

272 2343 550 2443 gravissimarum
578 2366 694 2417 rerum
715 2332 938 2442 indagatione
954 2342 1114 2430 adiutos,
1138 2340 1503 2440 capiuntAcademiae
1516 2341 1617 2416 cives.
1654 2343 1789 2420 Quam·

271 2462 410 2551 obrem,
442 2461 549 2536 misso
581 2460 707 2550 titulo,
739 2469 929 2559 utrumque
962 2468 1002 2536 ut
1032 2468 1068 2535 et
1095 2460 1306 2535 institutioni
1329 2468 1435 2559 atque
1463 2461 1638 2536 doctrinae
1663 2469 1700 2536 et
1725 2461 1790 2537 mi·

273 2580 356 2657 seris
388 2589 493 2679 atque
524 2579 705 2679 prostratis
738 2588 827 2655 tarra
849 2579 1005 2678 merique
1028 2578 1231 2654 mortalibus
1251 2577 1442 2677 plurimum
1463 2580 1627 2679 prodesse
1647 2590 1791 2680 pergat,

273 2723 392 2775 omnes
416 2706 588 2797 optamus.

323 2818 394 2893 Sed
426 2818 529 2893 redeo
557 2816 602 2893 ad
625 2800 725 2904 festi,
759 2816 853 2916 quod
878 2814 982 2890 modo
1006 2814 1127 2914 attigi,
1151 2814 1376 2893 mentionem.
1425 2819 1491 2893 Est
1512 2817 1577 2893 hoo
1598 2818 1636 2892 in
1656 2819 1791 2893 Acade·

272 2938 422 3014 murum
455 2946 648 3013 nostrarum
679 2934 823 3011 historia
853 2958 994 3034 prorsus
1025 2934 1209 3033 singulare.
1260 2934 1412 3011 Maiores
1437 2935 1553 3026 enim,
1577 2960 1790 3036 quamquem
1917 2932 1922 2939 ’

273 3060 309 3133 in
335 3058 441 3134 rebus
465 3053 662 3133 domesticis
686 3054 781 3131 haud
807 3054 911 3130 aliem
938 3079 959 3130 a
983 3053 1128 3130 sollenni
1151 3053 1308 3154 quinque
1332 3054 1520 3132 lustrorum
1547 3055 1729 3143 memora,
1753 3056 1790 3129 in

274 3177 422 3279 publicis
451 3185 589 3266 umen,
623 3183 715 3252 certe
740 3176 778 3250 in
805 3174 1046 3266 Academicis,
1077 3174 1165 3250 festa
1188 3180 1326 3249 tanturn
1353 3174 1571 3251 celebrarunt
1595 3184 1671 3252 tum
1697 3199 1793 3254 secu·

274 3297 357 3374 laris
383 3306 460 3373 tum
486 3296 594 3372 seculi
615 3294 789 3370 dimidiati
814 3294 925 3395 spatio
947 3293 1099 3371 definita.
1157 3294 1233 3368 Nos
1256 3302 1395 3382 autem,
1419 3320 1535 3370 morae
1554 3295 1793 3395 impatientes,

272 3418 353 3492 laeti
380 3415 628 3491 celebravimus
653 3439 786 3490 annum
812 3413 1023 3492 Academiae
1046 3413 1400 3490 Rheno-Traiectiuae
1421 3414 1573 3490 natalem
1595 3414 1791 3489 ducentesi-

272 3559 369 3610 mum
406 3535 607 3612 vicesimum
645 3536 819 3633 quintum.
869 3537 904 3608 A
936 3533 1033 3608 seriis
1063 3533 1101 3608 in
1129 3533 1194 3608 hoc
1222 3533 1299 3631 ipso
1325 3532 1511 3607 Auditorio
1536 3533 1669 3620 exorsi,
1694 3532 1791 3606 dedi·

272 3679 349 3730 mus
377 3680 442 3730 nos
474 3639 659 3743 hilaritati,
689 3677 796 3753 quam
825 3653 1008 3728 fruendam
1042 3651 1277 3753 praebuerunt
1308 3652 1538 3751 Magistratus
1574 3651 1729 3728 urbanus
1757 3664 1793 3726 et

273 3775 479 3850 Academiae
516 3773 658 3849 alumni.
710 3772 950 3852 licuerantin
984 3771 1134 3848 laetitiae
1167 3760 1447 3847 communionem
1477 3771 1570 3846 cives
1603 3779 1641 3845 et
1671 3772 1790 3846 exteri.

274 3894 486 3969 Saevissima
509 3893 595 3968 coeli
616 3893 783 3991 temperie
808 3892 966 3982 lavante,
996 3916 1066 3966 non
1089 3891 1286 3990 importune
1309 3891 1602 3990 compellebamur
1625 3889 1662 3965 in
1688 3891 1791 3964 aedes

274 4019 425 4101 nostras,
461 4011 521 4086 sed
551 4012 608 4086 die
634 4022 810 4110 noctuque
835 4036 916 4087 cum
942 4022 1176 4087 matronarum
1205 4017 1241 4084 et
1269 4010 1464 4109 puellarum
1488 4010 1573 4083 dore
1595 4008 1686 4083 foras
1711 4033 1790 4106 pro·

274 4130 440 4219 deuntes,
475 4131 705 4230 pulcherrimo
731 4130 990 4206 oblectabamur
1015 4129 1209 4230 spectaculo
1239 4128 1335 4202 urbis
1358 4129 1535 4227 eleganter
1556 4133 1695 4201 ornatae
1719 4149 1789 4201 ser·

274 4251 387 4349 tisque
419 4249 598 4324 redimitae
630 4261 665 4323 et
699 4249 890 4324 innumeris
917 4249 1133 4324 collustratus
1159 4246 1311 4346 lychnis3
1337 4255 1412 4321 tum
1437 4270 1515 4320 vero
1536 4243 1708 4340 exquisita
1731 4243 1790 4320 illa

274 4370 535 4446 oblectabamur
555 4370 788 4445 studiosorum
808 4394 955 4469 pompa,
980 4368 1078 4443 lestis
1097 4366 1203 4442 etiam
1221 4363 1472 4466 pyrotechnicis
1489 4373 1525 4437 et
1543 4362 1684 4436 musicis
1702 4362 1789 4437 adeo

274 4489 468 4578 concinnis,
494 4498 534 4562 ut
555 4488 591 4563 in
613 4488 655 4562 iis
676 4487 838 4587 parandis
860 4490 985 4564 Musae
1008 4496 1044 4563 et
1065 4485 1204 4562 Gratiae
1221 4485 1434 4586 conspirasse
1456 4483 1662 4557 viderentur.
1692 4481 1790 4560 Quid

275 4609 385 4684 dicam
421 4607 465 4682 de
500 4607 627 4682 civium
663 4606 951 4684 Academicorum
987 4631 1069 4705 arga
1104 4628 1225 4681 omnes
1257 4602 1500 4679 humanitate?
1547 4599 1724 4675 Minervae
1751 4624 1788 4673 se

275 4728 520 4826 praestiterunt
548 4735 584 4803 et
614 4727 799 4802 Musarum
828 4725 987 4802 cultores.
1037 4723 1094 4800 Sic
1130 4747 1189 4798 sex
1213 4721 1326 4798 exacti
1348 4731 1432 4796 suut
1453 4719 1527 4793 dies
1552 4716 1646 4816 pleni
1664 4717 1788 4790 iucun-

276 4846 415 4938 ditatis,
448 4870 552 4945 quum
587 4853 742 4921 vaurum
775 4845 1049 4921 commilitonum
1074 4843 1254 4932 salutatio,
1286 4865 1390 4916 omne
1410 4839 1504 4939 quod
1532 4835 1715 4998 pulchrum
1737 4844 1790 4909 est

1550 4957 1594 5026 12
