4967 6175
709 655 773 721 134
1251 653 1280 720 r.
1314 653 1353 720 s.
1386 651 1422 722 a
1445 632 1679 766 'novans

705 861 823 935 ficeret
858 883 965 959 quam
999 857 1137 936 dicendi
1169 864 1427 960 argumentum.
1478 859 1605 958 ltaque
1636 855 1683 932 ad
1711 854 1895 954 praecipua
1924 856 2039 955 capita
2067 880 2222 936 reuocare

704 978 821 1054 omnia
845 976 1004 1055 conabor.

751 1099 806 1171 Ac
837 1096 990 1196 primum
1022 1096 1165 1195 quidem
1194 1097 1240 1188 ii,
1275 1121 1363 1196 quos
1389 1096 1566 1196 significo,
1602 1094 1666 1170 riri
1690 1095 1895 1170 Academiae
1917 1097 2006 1171 ciacc
2029 1097 2222 1196 flagrabant

703 1215 861 1292 discenffi
891 1216 1022 1291 ardore.
1072 1217 1224 1316 Iepores
1255 1217 1359 1293 istos:
1395 1219 1451 1292 cui
1479 1216 1590 1291 boso?
1618 1222 1780 1316 quamue
1805 1217 1928 1312 suffieit
1948 1218 1999 1290 od
2008 1219 2223 1314 potationis

698 1338 857 1434 publicae
893 1337 1107 1435 difficultates
1145 1339 1375 1434 superandos,
1412 1338 1462 1411 aa
1489 1361 1618 1434 panem
1657 1335 1842 1435 aliquando
1879 1338 2133 1434 qwcrmdum?
2168 1340 2223 1414 aas·

695 1465 838 1554 praedo
869 1463 968 1544 aaut,
1005 1458 1065 1554 qui
1092 1457 1242 1556 stapulas
1273 1457 1363 1530 citos
1383 1457 1503 1552 perite
1516 1461 1733 1552 praeparent
1755 1454 1943 1553 leniterque
1963 1455 2167 1530 mollitestia
2187 1481 2222 1532 os

702 1575 916 1650 immittant?
946 1573 1148 1650 huiusmodi
1175 1573 1315 1650 delicias
1335 1597 1381 1648 ne
1404 1574 1441 1649 in
1468 1573 1599 1649 somnis
1621 1571 1764 1670 quidem
1788 1570 1998 1671 cogitabant.
2048 1572 2221 1650 Venerunt

702 1694 739 1768 in
767 1695 856 1768 banc
883 1695 1066 1768 Musarum
1093 1693 1212 1768 sedem
1238 1691 1285 1768 ad
1311 1690 1527 1766 discendum.
1576 1689 1698 1764 Huius
1722 1690 1857 1764 consilii
1883 1713 2076 1790 numquam
2102 1692 2220 1768 imme·

702 1839 833 1903 mores,
863 1813 994 1889 discere
1019 1813 1167 1889 avebant
1187 1838 1209 1886 a
1220 1809 1521 1911 praeceptoribus,
1545 1833 1567 1884 a
1587 1807 1881 1884 commilitonibus
1900 1810 2084 1886 diutiusin
2097 1812 2220 1888 doetri-

700 1957 825 2008 narum
856 1933 974 2006 studio
1006 1932 1167 2021 versatis,
1202 1931 1248 2004 ab
1283 1929 1493 2030 optimorum
1530 1928 1697 2009 libmrum
1726 1928 1971 2026 scriptoribus,
2005 1955 2093 2028 quos
2125 1955 2221 2006 accu-
2350 1977 2360 1994 „

702 2060 775 2126 rate
798 2050 953 2148 legentes
978 2059 1013 2124 et
1034 2057 1111 2123 tum
1132 2049 1223 2123 inter
1246 2057 1382 2122 setam
1403 2071 1486 2122 cum
1506 2047 1568 2135 iis,
1592 2071 1683 2146 quae
1704 2045 1846 2120 aliunde
1865 2057 2069 2146 acceperant
2087 2049 2221 2148 ipsique

702 2169 861 2244 meditati
892 2175 1009 2258 erant,
1042 2168 1275 2254 conferentes,
1310 2189 1411 2241 auam
1440 2165 1510 2265 ipsi
1541 2167 1781 2266 adroupyebr
1813 2164 1962 2240 alebant.
2012 2166 2220 2267 Disciplina,

702 2288 760 2363 oui
793 2313 829 2362 se
861 2289 996 2364 tradere
1022 2289 1119 2382 etin
1145 2312 1215 2386 qua
1241 2285 1427 2385 aliquando
1450 2284 1606 2361 babitare
1629 2284 1866 2373 decreverant,
1891 2286 2003 2383 primo
2025 2286 2070 2361 iis
2096 2288 2221 2386 praeci·

701 2429 842 2506 puoque
866 2409 940 2483 loco
966 2416 1050 2484 erat.
1086 2408 1184 2484 Alias
1211 2407 1287 2481 eius
1314 2413 1429 2505 partes
1450 2405 1528 2480 aliis
1547 2403 1619 2479 sive
1640 2403 1872 2504 praeferentes
1893 2405 1965 2478 sive
1986 2429 2056 2480 uon
2084 2407 2222 2482 omnino

702 2527 984 2625 aequiparantes,
1022 2526 1155 2602 nullom
1194 2535 1311 2602 tamen
1346 2525 1444 2625 parri
1479 2524 1670 2613 iaciebant,
1710 2531 1902 2600 statuentes
1928 2525 2059 2624 quippe
2089 2536 2222 2602 arctum

703 2667 777 2718 esse
807 2643 965 2718 omnium
988 2644 1165 2719 vinculum
1188 2650 1224 2718 et
1248 2643 1392 2719 alteram
1419 2642 1561 2720 alterius
1582 2665 1649 2742 ope
1670 2666 1773 2742 aegre
1795 2665 1920 2718 eamne.
1956 2644 2093 2719 Tritum
2116 2645 2220 2720 illud:

705 2787 851 2839 lomnes
877 2771 986 2851 artas,
1011 2787 1102 2862 quae
1128 2763 1174 2839 ad
1200 2762 1453 2840 humanitatem
1475 2762 1669 2862 pertinent,
1693 2760 1825 2836 babent
1843 2761 2020 2859 quoddam
2040 2788 2222 2840 commune

703 2882 880 2958 vinculum
900 2893 936 2957 et
958 2883 1060 2981 quasi
1081 2883 1287 2983 cognatione
1308 2883 1459 2983 quadam
1482 2883 1574 2957 inter
1595 2906 1633 2956 se
1654 2880 1920 2956 continenturr''
1946 2883 2103 2957 modeste
2126 2886 2223 2984 sequi

602 3034 607 3040 ·
703 3010 758 3091 at,
794 3011 965 3101 quantum
999 3002 1074 3077 fieri
1106 3011 1260 3103 poterat,
1294 3003 1421 3078 studiis
1457 3003 1529 3078 suis
1562 3001 1753 3101 exprimere
1786 2999 2009 3077 conabantur.
2067 3007 2223 3080 Aureum

703 3121 830 3195 civium
851 3122 1140 3197 Academicorum
1162 3147 1297 3222 genus,
1323 3123 1416 3220 quod
1428 3123 1580 3222 pondere
1594 3128 1772 3210 censetur,
1796 3144 1867 3195 non
1882 3145 2045 3211 nomem,
2059 3130 2096 3197 et
2112 3148 2224 3200 unum

703 3240 859 3315 omnium
892 3240 1043 3315 maxime
1072 3248 1311 3340 comparatum
1336 3248 1390 3315 est
1410 3242 1456 3316 ad
1476 3240 1699 3317 Academiam
1722 3240 1912 3339 peritorum
1935 3241 2095 3319 omnium
2118 3243 2222 3320 laude

702 3360 911 3435 ornandam!

751 3480 822 3554 Sed
853 3479 978 3553 referre
1009 3502 1116 3578 pergo
1150 3477 1195 3552 de
1224 3475 1598 3577 praestantissimorum
1621 3478 1772 3553 virorum
1795 3477 1833 3553 in
1857 3478 2045 3554 Academia
2065 3480 2219 3555 consilio.

701 3598 784 3671 Fuit
816 3596 880 3671 boc
915 3597 1106 3684 eiusmodi,
1140 3605 1180 3691 ut
1210 3621 1281 3671 non
1310 3604 1449 3671 tantum
1477 3621 1521 3671 ea
1555 3595 1656 3671 variis
1686 3596 1875 3686 docbinis,
1907 3621 2024 3673 rerum
2048 3598 2153 3675 etium
2175 3624 2220 3675 ex

702 3716 804 3791 variis
832 3715 1046 3814 temporibus
1072 3738 1109 3788 se
1130 3714 1295 3813 proficere
1319 3715 1508 3789 studerent.
1559 3716 1665 3793 Quod
1682 3723 1850 3814 quantam
1873 3717 1941 3791 rim
1964 3716 2088 3791 babeat
2106 3741 2218 3816 quau·

701 3842 848 3934 tumque
872 3832 1024 3907 eonlerat
1046 3832 1092 3906 ad
1113 3832 1290 3907 iudicandi
1312 3832 1568 3932 integritatem,
1592 3832 1662 3909 dici
1683 3835 1739 3909 vix
1759 3844 1884 3934 potest.
1930 3837 2044 3912 Nemo
2065 3840 2219 3937 prudens

701 3952 862 4040 dubitat,
888 3952 972 4053 quin
1000 3960 1116 4027 nostra
1137 3960 1250 4027 aetate
1277 3951 1396 4027 eximii
1416 3952 1454 4026 in
1478 3952 1573 4027 nulla
1596 3977 1665 4027 non
1691 3954 1847 4030 doctrina
1867 3955 1952 4031 lacti
1970 3956 2042 4030 sint
2062 3982 2217 4056 progres-

700 4098 770 4148 sus.
821 4072 899 4148 Hos
931 4072 962 4147 si
992 4072 1201 4172 suspicimus
1231 4082 1269 4146 et
1296 4070 1559 4171 amplectimur,
1590 4072 1765 4171 quianon
1796 4074 2014 4150 vehementer
2036 4076 2217 4153 laudabit?

700 4190 769 4267 Sed
801 4192 831 4265 si
860 4216 918 4267 eos
945 4192 994 4268 ita
1018 4192 1175 4269 fovemus
1197 4200 1232 4267 et
1256 4192 1473 4280 osculamur,
1499 4200 1540 4266 ut
1562 4202 1718 4291 tempora
1740 4192 1923 4291 praeterita
1945 4194 2017 4268 alto
2036 4195 2216 4295 supercilio

700 4309 949 4407 despiciamus,
974 4335 1060 4385 num
1085 4310 1188 4385 laude
1214 4310 1314 4409 digni
1338 4312 1486 4385 sumus?
1523 4314 1575 4386 At
1595 4333 1712 4386 vereor
1729 4312 1913 4409 equidem,
1936 4336 1982 4386 ns
2000 4312 2097 4389 haud
2114 4315 2216 4414 pauci

700 4453 736 4503 se
774 4426 820 4501 ad
854 4426 1067 4526 despiciendi
1099 4428 1299 4503 incilitatem
1335 4428 1448 4528 abripi
1482 4430 1669 4528 patiantur.
1718 4429 1834 4507 Verba
1869 4432 1984 4506 ualent
2009 4457 2089 4507 usu.
2138 4435 2215 4510 Iam

698 4570 800 4645 quem
838 4569 980 4620 sensum
1014 4544 1182 4643 paulatim
1217 4545 1325 4619 tribui
1352 4555 1496 4645 apparet
1532 4545 1645 4621 verbis
1675 4550 1818 4623 matta
1845 4552 1959 4626 soca?
1992 4551 2093 4627 Haec
2113 4577 2212 4629 num·

697 4690 847 4766 quamne
871 4690 911 4740 eo
934 4671 971 4740 et
989 4664 1089 4739 vultu
1107 4670 1143 4739 et
1162 4663 1287 4740 habitu
1307 4664 1527 4763 pronunciari
1544 4665 1744 4755 audivistis,
1768 4674 1810 4741 ut
1828 4692 1940 4767 paene
1958 4668 2136 4745 misereret
2154 4696 2213 4747 ros

695 4785 909 4885 ignorantiae
944 4792 979 4861 et
1008 4782 1255 4861 imbecillitatis
1285 4826 1334 4841 -
1365 4808 1436 4859 non
1469 4783 1547 4859 dieo
1579 4786 1788 4862 Graecorum
1816 4798 1854 4863 et
1883 4789 2140 4881 Romanorum,
2163 4832 2213 4847 -
