<?xml version="1.0" encoding="UTF-8"?>
<!DOCTYPE html PUBLIC "-//W3C//DTD XHTML 1.0 Transitional//EN"
    "http://www.w3.org/TR/xhtml1/DTD/xhtml1-transitional.dtd">
<html xmlns="http://www.w3.org/1999/xhtml" xml:lang="en" lang="en">
 <head>
  <title>
</title>
<meta http-equiv="Content-Type" content="text/html;charset=utf-8" />
  <meta name='ocr-system' content='tesseract 3.04.00' />
  <meta name='ocr-capabilities' content='ocr_page ocr_carea ocr_par ocr_line ocrx_word'/>
</head>
<body>
  <div class='ocr_page' id='page_1' title='image "annalesacademic09unkngoog_0222.png"; bbox 0 0 4967 6175; ppageno 0'>
   <div class='ocr_carea' id='block_1_1' title="bbox 624 668 1638 753">
    <p class='ocr_par' dir='ltr' id='par_1_1' title="bbox 624 668 1638 753">
     <span class='ocr_line' id='line_1_1' title="bbox 624 668 1638 753; baseline 0.002 -2"><span class='ocrx_word' id='word_1_1' title='bbox 624 679 688 751; x_wconf 80' lang='lat' dir='ltr'><strong>arr</strong></span> <span class='ocrx_word' id='word_1_2' title='bbox 1128 686 1276 752; x_wconf 87' lang='lat' dir='ltr'><strong>onno</strong></span> <span class='ocrx_word' id='word_1_3' title='bbox 1309 668 1638 753; x_wconf 82' lang='lat' dir='ltr'><strong>nuorronnn.</strong></span> 
     </span>
    </p>
   </div>
   <div class='ocr_carea' id='block_1_2' title="bbox 618 889 2142 3854">
    <p class='ocr_par' dir='ltr' id='par_1_2' title="bbox 618 889 2142 3854">
     <span class='ocr_line' id='line_1_2' title="bbox 720 889 2142 992; baseline 0.001 -28"><span class='ocrx_word' id='word_1_4' title='bbox 720 889 980 980; x_wconf 90' lang='lat' dir='ltr'><strong>Mechauicam,</strong></span> <span class='ocrx_word' id='word_1_5' title='bbox 1006 916 1111 990; x_wconf 87' lang='lat' dir='ltr'><strong>quarn</strong></span> <span class='ocrx_word' id='word_1_6' title='bbox 1135 894 1343 992; x_wconf 88' lang='lat' dir='ltr'><strong>applicatam</strong></span> <span class='ocrx_word' id='word_1_7' title='bbox 1364 901 1506 980; x_wconf 84' lang='lat' dir='ltr'><strong>vocant,</strong></span> <span class='ocrx_word' id='word_1_8' title='bbox 1530 891 1588 966; x_wconf 91' lang='lat' dir='ltr'><strong>die</strong></span> <span class='ocrx_word' id='word_1_9' title='bbox 1609 891 1771 978; x_wconf 85' lang='lat' dir='ltr'><strong>Veneris,</strong></span> <span class='ocrx_word' id='word_1_10' title='bbox 1790 892 1874 966; x_wconf 91' lang='lat' dir='ltr'><strong>hora</strong></span> <span class='ocrx_word' id='word_1_11' title='bbox 1900 951 1908 966; x_wconf 91' lang='lat'><strong><em>.</em></strong></span> <span class='ocrx_word' id='word_1_12' title='bbox 1936 951 1944 966; x_wconf 93' lang='lat'><em>.</em></span> <span class='ocrx_word' id='word_1_13' title='bbox 2093 891 2142 966; x_wconf 86' lang='lat' dir='ltr'><strong>X.</strong></span> 
     </span>
     <span class='ocr_line' id='line_1_3' title="bbox 719 1010 1945 1112; baseline 0.001 -27"><span class='ocrx_word' id='word_1_14' title='bbox 719 1010 882 1086; x_wconf 90' lang='lat' dir='ltr'><strong>Publioas</strong></span> <span class='ocrx_word' id='word_1_15' title='bbox 917 1010 1059 1086; x_wconf 89' lang='lat' dir='ltr'><strong>habehit</strong></span> <span class='ocrx_word' id='word_1_16' title='bbox 1089 1013 1251 1088; x_wconf 91' lang='lat' dir='ltr'><strong>lectiones</strong></span> <span class='ocrx_word' id='word_1_17' title='bbox 1281 1014 1325 1088; x_wconf 88' lang='lat' dir='ltr'><strong>de</strong></span> <span class='ocrx_word' id='word_1_18' title='bbox 1356 1013 1507 1112; x_wconf 91' lang='lat' dir='ltr'><strong>quodam</strong></span> <span class='ocrx_word' id='word_1_19' title='bbox 1532 1019 1778 1112; x_wconf 88' lang='lat' dir='ltr'><strong>argumentoe</strong></span> <span class='ocrx_word' id='word_1_20' title='bbox 1803 1011 1945 1110; x_wconf 83' lang='lat' dir='ltr'><strong>physica</strong></span> 
     </span>
     <span class='ocr_line' id='line_1_4' title="bbox 770 1131 1226 1228; baseline 0.011 -26"><span class='ocrx_word' id='word_1_21' title='bbox 770 1131 1030 1228; x_wconf 79' lang='lat' dir='ltr'><strong>experimentali</strong></span> <span class='ocrx_word' id='word_1_22' title='bbox 1054 1133 1226 1208; x_wconf 85' lang='lat' dir='ltr'><strong>desumto.</strong></span> 
     </span>
     <span class='ocr_line' id='line_1_5' title="bbox 621 1233 2033 1351; baseline 0.001 -29"><span class='ocrx_word' id='word_1_23' title='bbox 621 1259 656 1322; x_wconf 79' lang='lat' dir='ltr'>L</span> <span class='ocrx_word' id='word_1_24' title='bbox 678 1259 859 1334; x_wconf 73' lang='lat' dir='ltr'><strong>MULDER,</strong></span> <span class='ocrx_word' id='word_1_25' title='bbox 882 1252 995 1325; x_wconf 78' lang='lat' dir='ltr'><strong>Mart.</strong></span> <span class='ocrx_word' id='word_1_26' title='bbox 1023 1253 1121 1351; x_wconf 74' lang='lat' dir='ltr'><strong>Mop.</strong></span> <span class='ocrx_word' id='word_1_27' title='bbox 1157 1233 1252 1326; x_wconf 78' lang='lat' dir='ltr'><strong>Phil.</strong></span> <span class='ocrx_word' id='word_1_28' title='bbox 1277 1253 1362 1327; x_wconf 80' lang='lat' dir='ltr'><strong>Nat.</strong></span> <span class='ocrx_word' id='word_1_29' title='bbox 1388 1254 1510 1339; x_wconf 72' lang='lat' dir='ltr'><strong>Doct,</strong></span> <span class='ocrx_word' id='word_1_30' title='bbox 1538 1251 1742 1336; x_wconf 84' lang='lat' dir='ltr'><strong>Botonices,</strong></span> <span class='ocrx_word' id='word_1_31' title='bbox 1766 1251 1947 1349; x_wconf 75' lang='lat' dir='ltr'><strong>Geolopo&#39;ae</strong></span> <span class='ocrx_word' id='word_1_32' title='bbox 2028 1261 2033 1270; x_wconf 83' lang='lat'>&#39;</span> 
     </span>
     <span class='ocr_line' id='line_1_6' title="bbox 670 1369 1779 1468; baseline 0 -26"><span class='ocrx_word' id='word_1_33' title='bbox 670 1377 706 1442; x_wconf 85' lang='lat' dir='ltr'><strong>et</strong></span> <span class='ocrx_word' id='word_1_34' title='bbox 732 1370 949 1444; x_wconf 79' lang='lat' dir='ltr'><strong>Oeconomico</strong></span> <span class='ocrx_word' id='word_1_35' title='bbox 971 1373 1100 1445; x_wconf 81' lang='lat' dir='ltr'><strong>roralis</strong></span> <span class='ocrx_word' id='word_1_36' title='bbox 1123 1372 1324 1466; x_wconf 73' lang='lat' dir='ltr'><em>Professor,</em></span> <span class='ocrx_word' id='word_1_37' title='bbox 1350 1371 1543 1446; x_wconf 89' lang='lat' dir='ltr'><strong>Botanicen</strong></span> <span class='ocrx_word' id='word_1_38' title='bbox 1566 1369 1779 1468; x_wconf 84' lang='lat' dir='ltr'><strong>generalem:</strong></span> 
     </span>
     <span class='ocr_line' id='line_1_7' title="bbox 622 1488 1951 1590; baseline 0.001 -29"><span class='ocrx_word' id='word_1_39' title='bbox 622 1531 626 1540; x_wconf 90' lang='lat'><strong>·</strong></span> <span class='ocrx_word' id='word_1_40' title='bbox 770 1515 802 1562; x_wconf 90' lang='lat' dir='ltr'><strong>o.</strong></span> <span class='ocrx_word' id='word_1_41' title='bbox 853 1490 1129 1588; x_wconf 88' lang='lat' dir='ltr'><strong>Morphologianr</strong></span> <span class='ocrx_word' id='word_1_42' title='bbox 1175 1490 1371 1590; x_wconf 88' lang='lat' dir='ltr'><strong>plantarum</strong></span> <span class='ocrx_word' id='word_1_43' title='bbox 1417 1489 1555 1564; x_wconf 82' lang='lat' dir='ltr'><strong>docebit</strong></span> <span class='ocrx_word' id='word_1_44' title='bbox 1594 1488 1719 1562; x_wconf 85' lang='lat' dir='ltr'><strong>diebus</strong></span> <span class='ocrx_word' id='word_1_45' title='bbox 1757 1489 1878 1562; x_wconf 82' lang='lat' dir='ltr'><strong>Lunae</strong></span> <span class='ocrx_word' id='word_1_46' title='bbox 1915 1495 1951 1562; x_wconf 89' lang='lat' dir='ltr'><strong>et</strong></span> 
     </span>
     <span class='ocr_line' id='line_1_8' title="bbox 911 1602 2142 1696; baseline 0 -15"><span class='ocrx_word' id='word_1_47' title='bbox 911 1609 1093 1696; x_wconf 81' lang='lat' dir='ltr'><strong>Mercurii,</strong></span> <span class='ocrx_word' id='word_1_48' title='bbox 1128 1609 1211 1682; x_wconf 89' lang='lat' dir='ltr'><strong>hora</strong></span> <span class='ocrx_word' id='word_1_49' title='bbox 1243 1664 1944 1684; x_wconf 88' lang='grc'><strong>....................</strong></span> <span class='ocrx_word' id='word_1_50' title='bbox 2055 1602 2142 1677; x_wconf 83' lang='lat' dir='ltr'><strong>Xll.</strong></span> 
     </span>
     <span class='ocr_line' id='line_1_9' title="bbox 769 1727 1944 1827; baseline -0.001 -27"><span class='ocrx_word' id='word_1_51' title='bbox 769 1727 799 1800; x_wconf 83' lang='lat' dir='ltr'><strong>h.</strong></span> <span class='ocrx_word' id='word_1_52' title='bbox 848 1730 1044 1802; x_wconf 89' lang='lat' dir='ltr'><strong>Anatomen</strong></span> <span class='ocrx_word' id='word_1_53' title='bbox 1071 1738 1106 1801; x_wconf 92' lang='lat' dir='ltr'><strong>et</strong></span> <span class='ocrx_word' id='word_1_54' title='bbox 1127 1728 1378 1826; x_wconf 79' lang='lat' dir='ltr'><strong>physiologiam</strong></span> <span class='ocrx_word' id='word_1_55' title='bbox 1401 1727 1597 1827; x_wconf 87' lang='lat' dir='ltr'><strong>plantarum</strong></span> <span class='ocrx_word' id='word_1_56' title='bbox 1619 1727 1743 1801; x_wconf 90' lang='lat' dir='ltr'><strong>diebus</strong></span> <span class='ocrx_word' id='word_1_57' title='bbox 1764 1727 1886 1802; x_wconf 86' lang='lat' dir='ltr'><strong>Lunae</strong></span> <span class='ocrx_word' id='word_1_58' title='bbox 1907 1735 1944 1800; x_wconf 89' lang='lat' dir='ltr'><strong>et</strong></span> 
     </span>
     <span class='ocr_line' id='line_1_10' title="bbox 911 1842 2142 1934; baseline -0.003 -14"><span class='ocrx_word' id='word_1_59' title='bbox 911 1847 1096 1934; x_wconf 87' lang='lat' dir='ltr'><strong>Mercurii,</strong></span> <span class='ocrx_word' id='word_1_60' title='bbox 1129 1848 1212 1922; x_wconf 92' lang='lat' dir='ltr'><strong>hora</strong></span> <span class='ocrx_word' id='word_1_61' title='bbox 1245 1903 1946 1923; x_wconf 90' lang='grc'><strong>....................</strong></span> <span class='ocrx_word' id='word_1_62' title='bbox 2076 1842 2142 1916; x_wconf 88' lang='grc' dir='ltr'><strong>ΧΙ.</strong></span> 
     </span>
     <span class='ocr_line' id='line_1_11' title="bbox 717 1964 1948 2065; baseline -0.001 -28"><span class='ocrx_word' id='word_1_63' title='bbox 717 1964 905 2038; x_wconf 85' lang='lat' dir='ltr'><strong>Bolanicen</strong></span> <span class='ocrx_word' id='word_1_64' title='bbox 939 1967 1120 2064; x_wconf 79' lang='lat' dir='ltr'><strong>specialem</strong></span> <span class='ocrx_word' id='word_1_65' title='bbox 1148 1967 1450 2065; x_wconf 86' lang='lat' dir='ltr'><strong>(phytographiam</strong></span> <span class='ocrx_word' id='word_1_66' title='bbox 1473 1967 1669 2064; x_wconf 88' lang='lat' dir='ltr'><strong>plantarum</strong></span> <span class='ocrx_word' id='word_1_67' title='bbox 1701 1973 1738 2039; x_wconf 89' lang='lat' dir='ltr'><strong>et</strong></span> <span class='ocrx_word' id='word_1_68' title='bbox 1766 1964 1948 2038; x_wconf 89' lang='lat' dir='ltr'><strong>botanicen</strong></span> 
     </span>
     <span class='ocr_line' id='line_1_12' title="bbox 765 2079 2141 2184; baseline 0 -26"><span class='ocrx_word' id='word_1_69' title='bbox 765 2085 1034 2182; x_wconf 83' lang='lat' dir='ltr'><strong>systeurnticam)</strong></span> <span class='ocrx_word' id='word_1_70' title='bbox 1062 2096 1212 2184; x_wconf 86' lang='lat' dir='ltr'><strong>exponet</strong></span> <span class='ocrx_word' id='word_1_71' title='bbox 1236 2085 1294 2158; x_wconf 93' lang='lat' dir='ltr'><strong>die</strong></span> <span class='ocrx_word' id='word_1_72' title='bbox 1320 2086 1434 2173; x_wconf 87' lang='lat' dir='ltr'><strong>lovis,</strong></span> <span class='ocrx_word' id='word_1_73' title='bbox 1460 2085 1553 2158; x_wconf 88' lang='lat' dir='ltr'><strong>horis</strong></span> <span class='ocrx_word' id='word_1_74' title='bbox 1578 2140 1948 2160; x_wconf 91' lang='grc'><strong>...........</strong></span> <span class='ocrx_word' id='word_1_75' title='bbox 1957 2079 2141 2157; x_wconf 83' lang='lat' dir='ltr'><strong>XIetXlI.</strong></span> 
     </span>
     <span class='ocr_line' id='line_1_13' title="bbox 715 2202 1947 2303; baseline 0.002 -28"><span class='ocrx_word' id='word_1_76' title='bbox 715 2202 904 2277; x_wconf 88' lang='lat' dir='ltr'><strong>Botanicen</strong></span> <span class='ocrx_word' id='word_1_77' title='bbox 943 2204 1138 2302; x_wconf 81' lang='lat' dir='ltr'><strong>generalem</strong></span> <span class='ocrx_word' id='word_1_78' title='bbox 1181 2212 1217 2277; x_wconf 91' lang='lat' dir='ltr'><strong>et</strong></span> <span class='ocrx_word' id='word_1_79' title='bbox 1258 2203 1441 2303; x_wconf 78' lang='lat' dir='ltr'><strong>specialem</strong></span> <span class='ocrx_word' id='word_1_80' title='bbox 1476 2203 1746 2302; x_wconf 80' lang='lat' dir='ltr'><strong>provectioribus</strong></span> <span class='ocrx_word' id='word_1_81' title='bbox 1778 2228 1947 2302; x_wconf 84' lang='lat' dir='ltr'><strong>exponere</strong></span> 
     </span>
     <span class='ocr_line' id='line_1_14' title="bbox 762 2323 2138 2421; baseline 0.002 -26"><span class='ocrx_word' id='word_1_82' title='bbox 762 2330 882 2421; x_wconf 84' lang='lat' dir='ltr'><strong>perget</strong></span> <span class='ocrx_word' id='word_1_83' title='bbox 907 2323 962 2396; x_wconf 91' lang='lat' dir='ltr'><strong>die</strong></span> <span class='ocrx_word' id='word_1_84' title='bbox 988 2324 1131 2413; x_wconf 89' lang='lat' dir='ltr'><strong>Martis,</strong></span> <span class='ocrx_word' id='word_1_85' title='bbox 1158 2323 1251 2398; x_wconf 89' lang='lat' dir='ltr'><strong>horis</strong></span> <span class='ocrx_word' id='word_1_86' title='bbox 1276 2377 1939 2399; x_wconf 90' lang='grc'><strong>...................</strong></span> <span class='ocrx_word' id='word_1_87' title='bbox 1948 2323 2138 2398; x_wconf 75' lang='lat' dir='ltr'><strong>XletXII.</strong></span> 
     </span>
     <span class='ocr_line' id='line_1_15' title="bbox 713 2442 1950 2542; baseline 0.001 -26"><span class='ocrx_word' id='word_1_88' title='bbox 713 2443 865 2516; x_wconf 83' lang='lat' dir='ltr'><strong>Favente</strong></span> <span class='ocrx_word' id='word_1_89' title='bbox 892 2443 978 2516; x_wconf 91' lang='lat' dir='ltr'><strong>ooeli</strong></span> <span class='ocrx_word' id='word_1_90' title='bbox 1006 2443 1191 2542; x_wconf 81' lang='lat' dir='ltr'><strong>temperie,</strong></span> <span class='ocrx_word' id='word_1_91' title='bbox 1226 2469 1307 2517; x_wconf 91' lang='lat' dir='ltr'><strong>cum</strong></span> <span class='ocrx_word' id='word_1_92' title='bbox 1333 2442 1512 2540; x_wconf 87' lang='lat' dir='ltr'><strong>discipulis</strong></span> <span class='ocrx_word' id='word_1_93' title='bbox 1533 2442 1751 2517; x_wconf 76' lang='lat' dir='ltr'><strong>excursiones</strong></span> <span class='ocrx_word' id='word_1_94' title='bbox 1773 2442 1950 2518; x_wconf 87' lang='lat' dir='ltr'><strong>botanioas</strong></span> 
     </span>
     <span class='ocr_line' id='line_1_16' title="bbox 764 2562 1009 2637; baseline 0.012 -3"><span class='ocrx_word' id='word_1_95' title='bbox 764 2562 1009 2637; x_wconf 88' lang='lat' dir='ltr'><strong>moderabitur.</strong></span> 
     </span>
     <span class='ocr_line' id='line_1_17' title="bbox 714 2677 1946 2780; baseline 0 -24"><span class='ocrx_word' id='word_1_96' title='bbox 714 2681 1029 2780; x_wconf 85' lang='lat' dir='ltr'><strong>Pharmaoognosin</strong></span> <span class='ocrx_word' id='word_1_97' title='bbox 1055 2679 1169 2754; x_wconf 92' lang='lat' dir='ltr'><strong>tradet</strong></span> <span class='ocrx_word' id='word_1_98' title='bbox 1194 2679 1319 2754; x_wconf 88' lang='lat' dir='ltr'><strong>diebus</strong></span> <span class='ocrx_word' id='word_1_99' title='bbox 1341 2677 1491 2754; x_wconf 85' lang='lat' dir='ltr'><strong>etheris</strong></span> <span class='ocrx_word' id='word_1_100' title='bbox 1514 2678 1731 2754; x_wconf 87' lang='lat' dir='ltr'><strong>auditoribus</strong></span> <span class='ocrx_word' id='word_1_101' title='bbox 1744 2680 1946 2756; x_wconf 87' lang='lat' dir='ltr'><strong>commodis.</strong></span> 
     </span>
     <span class='ocr_line' id='line_1_18' title="bbox 714 2799 1947 2899; baseline 0.001 -25"><span class='ocrx_word' id='word_1_102' title='bbox 714 2801 900 2898; x_wconf 88' lang='lat' dir='ltr'><strong>Geologiae</strong></span> <span class='ocrx_word' id='word_1_103' title='bbox 935 2802 1048 2899; x_wconf 88' lang='lat' dir='ltr'><strong>capita</strong></span> <span class='ocrx_word' id='word_1_104' title='bbox 1081 2801 1206 2875; x_wconf 86' lang='lat' dir='ltr'><strong>selecta</strong></span> <span class='ocrx_word' id='word_1_105' title='bbox 1243 2801 1378 2874; x_wconf 89' lang='lat' dir='ltr'><strong>tradere</strong></span> <span class='ocrx_word' id='word_1_106' title='bbox 1402 2807 1545 2899; x_wconf 83' lang='lat' dir='ltr'><strong>paratus</strong></span> <span class='ocrx_word' id='word_1_107' title='bbox 1570 2809 1624 2874; x_wconf 89' lang='lat' dir='ltr'><strong>est</strong></span> <span class='ocrx_word' id='word_1_108' title='bbox 1646 2800 1771 2875; x_wconf 88' lang='lat' dir='ltr'><strong>diebus</strong></span> <span class='ocrx_word' id='word_1_109' title='bbox 1794 2807 1829 2875; x_wconf 90' lang='lat' dir='ltr'><strong>et</strong></span> <span class='ocrx_word' id='word_1_110' title='bbox 1853 2799 1947 2875; x_wconf 90' lang='lat' dir='ltr'><strong>horis</strong></span> 
     </span>
     <span class='ocr_line' id='line_1_19' title="bbox 764 2918 1557 3020; baseline -0.003 -26"><span class='ocrx_word' id='word_1_111' title='bbox 764 2919 1002 3008; x_wconf 78' lang='lat' dir='ltr'><strong>auditoribus,</strong></span> <span class='ocrx_word' id='word_1_112' title='bbox 1029 2919 1058 2992; x_wconf 92' lang='lat' dir='ltr'><strong>si</strong></span> <span class='ocrx_word' id='word_1_113' title='bbox 1082 2918 1233 3009; x_wconf 82' lang='lat' dir='ltr'><strong>adsunt,</strong></span> <span class='ocrx_word' id='word_1_114' title='bbox 1258 2919 1460 2994; x_wconf 89' lang='lat' dir='ltr'><strong>commodis.</strong></span> <span class='ocrx_word' id='word_1_115' title='bbox 1552 3013 1557 3020; x_wconf 24' lang='grc' dir='ltr'><strong><em>Ι</em></strong></span> 
     </span>
     <span class='ocr_line' id='line_1_20' title="bbox 714 3037 1946 3128; baseline -0.002 -13"><span class='ocrx_word' id='word_1_116' title='bbox 714 3039 959 3115; x_wconf 87' lang='lat' dir='ltr'><strong>Oeconomiam</strong></span> <span class='ocrx_word' id='word_1_117' title='bbox 996 3039 1143 3115; x_wconf 77' lang='lat' dir='ltr'><strong>ruralem</strong></span> <span class='ocrx_word' id='word_1_118' title='bbox 1177 3039 1317 3116; x_wconf 92' lang='lat' dir='ltr'><strong>docebit</strong></span> <span class='ocrx_word' id='word_1_119' title='bbox 1352 3038 1477 3115; x_wconf 81' lang='lat' dir='ltr'><strong>diehm</strong></span> <span class='ocrx_word' id='word_1_120' title='bbox 1509 3037 1651 3128; x_wconf 85' lang='lat' dir='ltr'><strong>Lunae,</strong></span> <span class='ocrx_word' id='word_1_121' title='bbox 1681 3038 1827 3127; x_wconf 85' lang='lat' dir='ltr'><strong>Martia,</strong></span> <span class='ocrx_word' id='word_1_122' title='bbox 1851 3039 1946 3113; x_wconf 91' lang='lat' dir='ltr'><strong>Mer·</strong></span> 
     </span>
     <span class='ocr_line' id='line_1_21' title="bbox 703 3154 2138 3247; baseline 0 -15"><span class='ocrx_word' id='word_1_123' title='bbox 703 3199 706 3206; x_wconf 95' lang='lat'>·</span> <span class='ocrx_word' id='word_1_124' title='bbox 761 3160 848 3235; x_wconf 86' lang='lat' dir='ltr'><strong>curii</strong></span> <span class='ocrx_word' id='word_1_125' title='bbox 880 3168 916 3232; x_wconf 90' lang='lat' dir='ltr'><strong>et</strong></span> <span class='ocrx_word' id='word_1_126' title='bbox 946 3160 1058 3247; x_wconf 88' lang='lat' dir='ltr'><strong>lovis,</strong></span> <span class='ocrx_word' id='word_1_127' title='bbox 1095 3159 1178 3234; x_wconf 91' lang='lat' dir='ltr'><strong>hora</strong></span> <span class='ocrx_word' id='word_1_128' title='bbox 1205 3214 1944 3235; x_wconf 91' lang='grc'><strong>.....................</strong></span> <span class='ocrx_word' id='word_1_129' title='bbox 2090 3154 2138 3228; x_wconf 90' lang='grc' dir='ltr'><strong>Χ.</strong></span> 
     </span>
     <span class='ocr_line' id='line_1_22' title="bbox 810 3275 2138 3366; baseline 0 -15"><span class='ocrx_word' id='word_1_130' title='bbox 810 3288 847 3352; x_wconf 87' lang='lat' dir='ltr'><strong>et</strong></span> <span class='ocrx_word' id='word_1_131' title='bbox 880 3277 1046 3366; x_wconf 89' lang='lat' dir='ltr'><strong>Veneris,</strong></span> <span class='ocrx_word' id='word_1_132' title='bbox 1082 3279 1173 3353; x_wconf 91' lang='lat' dir='ltr'><strong>horis</strong></span> <span class='ocrx_word' id='word_1_133' title='bbox 1208 3334 1949 3354; x_wconf 91' lang='grc'><strong>.....................</strong></span> <span class='ocrx_word' id='word_1_134' title='bbox 1955 3275 2138 3350; x_wconf 87' lang='lat' dir='ltr'><strong>XIetXIl.</strong></span> 
     </span>
     <span class='ocr_line' id='line_1_23' title="bbox 713 3396 1944 3497; baseline -0.002 -26"><span class='ocrx_word' id='word_1_135' title='bbox 713 3398 834 3472; x_wconf 80' lang='lat' dir='ltr'><strong>Artem</strong></span> <span class='ocrx_word' id='word_1_136' title='bbox 857 3399 1025 3472; x_wconf 88' lang='lat' dir='ltr'><strong>mercium</strong></span> <span class='ocrx_word' id='word_1_137' title='bbox 1049 3398 1364 3497; x_wconf 88' lang='lat' dir='ltr'><strong>dignoscendarum</strong></span> <span class='ocrx_word' id='word_1_138' title='bbox 1388 3396 1672 3489; x_wconf 86' lang='lat' dir='ltr'><strong>(Warenlrennia)</strong></span> <span class='ocrx_word' id='word_1_139' title='bbox 1698 3403 1847 3494; x_wconf 85' lang='lat' dir='ltr'><strong>exponet</strong></span> <span class='ocrx_word' id='word_1_140' title='bbox 1871 3396 1944 3469; x_wconf 91' lang='lat' dir='ltr'><strong>die·</strong></span> 
     </span>
     <span class='ocr_line' id='line_1_24' title="bbox 761 3515 1634 3591; baseline 0 -1"><span class='ocrx_word' id='word_1_141' title='bbox 761 3516 829 3590; x_wconf 85' lang='lat' dir='ltr'><strong>bus</strong></span> <span class='ocrx_word' id='word_1_142' title='bbox 852 3526 888 3590; x_wconf 89' lang='lat' dir='ltr'><strong>et</strong></span> <span class='ocrx_word' id='word_1_143' title='bbox 913 3517 1006 3590; x_wconf 88' lang='lat' dir='ltr'><strong>horis</strong></span> <span class='ocrx_word' id='word_1_144' title='bbox 1031 3540 1110 3591; x_wconf 87' lang='lat' dir='ltr'><strong>curn</strong></span> <span class='ocrx_word' id='word_1_145' title='bbox 1137 3517 1355 3591; x_wconf 79' lang='lat' dir='ltr'><strong>auditoribus</strong></span> <span class='ocrx_word' id='word_1_146' title='bbox 1379 3515 1634 3590; x_wconf 84' lang='lat' dir='ltr'><strong>conveniendis.</strong></span> 
     </span>
     <span class='ocr_line' id='line_1_25' title="bbox 618 3636 1943 3735; baseline 0.001 -29"><span class='ocrx_word' id='word_1_147' title='bbox 618 3648 653 3707; x_wconf 73' lang='lat' dir='ltr'><strong>n.</strong></span> <span class='ocrx_word' id='word_1_148' title='bbox 673 3647 698 3707; x_wconf 88' lang='lat'><strong>1.</strong></span> <span class='ocrx_word' id='word_1_149' title='bbox 720 3646 860 3719; x_wconf 79' lang='lat' dir='ltr'><strong>KIEHL,</strong></span> <span class='ocrx_word' id='word_1_150' title='bbox 882 3636 977 3708; x_wconf 76' lang='lat' dir='ltr'><strong>Post.</strong></span> <span class='ocrx_word' id='word_1_151' title='bbox 1002 3638 1119 3711; x_wconf 72' lang='lat' dir='ltr'><strong>Theos.</strong></span> <span class='ocrx_word' id='word_1_152' title='bbox 1145 3640 1241 3735; x_wconf 75' lang='lat' dir='ltr'><strong>Mcp.</strong></span> <span class='ocrx_word' id='word_1_153' title='bbox 1266 3638 1353 3711; x_wconf 69' lang='lat' dir='ltr'><strong>loto.</strong></span> <span class='ocrx_word' id='word_1_154' title='bbox 1374 3637 1478 3709; x_wconf 85' lang='lat' dir='ltr'><strong>Hom.</strong></span> <span class='ocrx_word' id='word_1_155' title='bbox 1501 3637 1617 3723; x_wconf 79' lang='lat' dir='ltr'><strong>Doct,</strong></span> <span class='ocrx_word' id='word_1_156' title='bbox 1639 3636 1850 3709; x_wconf 71' lang='lat' dir='ltr'><strong>litterarum</strong></span> <span class='ocrx_word' id='word_1_157' title='bbox 1872 3637 1943 3707; x_wconf 81' lang='lat' dir='ltr'><strong>Ao·</strong></span> 
     </span>
     <span class='ocr_line' id='line_1_26' title="bbox 667 3754 1943 3854; baseline 0.002 -29"><span class='ocrx_word' id='word_1_158' title='bbox 667 3757 837 3852; x_wconf 80' lang='lat' dir='ltr'><strong>liquorom</strong></span> <span class='ocrx_word' id='word_1_159' title='bbox 858 3755 1060 3848; x_wconf 86' lang='lat' dir='ltr'><strong>Proseaaor,</strong></span> <span class='ocrx_word' id='word_1_160' title='bbox 1087 3754 1266 3854; x_wconf 87' lang='lat' dir='ltr'><strong>Sophoclis</strong></span> <span class='ocrx_word' id='word_1_161' title='bbox 1284 3756 1504 3854; x_wconf 82' lang='lat' dir='ltr'><strong>Antigonen,</strong></span> <span class='ocrx_word' id='word_1_162' title='bbox 1527 3756 1684 3831; x_wconf 85' lang='lat' dir='ltr'><strong>selectae</strong></span> <span class='ocrx_word' id='word_1_163' title='bbox 1698 3755 1943 3853; x_wconf 83' lang='lat' dir='ltr'><strong>Xenophonte,</strong></span> 
     </span>
    </p>
   </div>
   <div class='ocr_carea' id='block_1_3' title="bbox 668 3872 2139 4079">
    <p class='ocr_par' dir='ltr' id='par_1_3' title="bbox 668 3872 2139 4079">
     <span class='ocr_line' id='line_1_27' title="bbox 668 3872 1945 3973; baseline 0 -27"><span class='ocrx_word' id='word_1_164' title='bbox 668 3872 791 3970; x_wconf 88' lang='lat' dir='ltr'><strong>Lysia,</strong></span> <span class='ocrx_word' id='word_1_165' title='bbox 839 3874 1096 3973; x_wconf 79' lang='lat' dir='ltr'><strong>Theophrasto,</strong></span> <span class='ocrx_word' id='word_1_166' title='bbox 1136 3874 1338 3963; x_wconf 89' lang='lat' dir='ltr'><strong>Herodoto,</strong></span> <span class='ocrx_word' id='word_1_167' title='bbox 1377 3874 1532 3949; x_wconf 88' lang='lat' dir='ltr'><strong>Homero</strong></span> <span class='ocrx_word' id='word_1_168' title='bbox 1571 3874 1853 3972; x_wconf 84' lang='lat' dir='ltr'><strong>interpretabitur</strong></span> <span class='ocrx_word' id='word_1_169' title='bbox 1888 3873 1945 3947; x_wconf 92' lang='lat' dir='ltr'><strong>die</strong></span> 
     </span>
     <span class='ocr_line' id='line_1_28' title="bbox 669 3990 2139 4079; baseline -0.001 -15"><span class='ocrx_word' id='word_1_170' title='bbox 669 3991 807 4079; x_wconf 87' lang='lat' dir='ltr'><strong>Lunae,</strong></span> <span class='ocrx_word' id='word_1_171' title='bbox 832 3992 916 4066; x_wconf 90' lang='lat' dir='ltr'><strong>hora</strong></span> <span class='ocrx_word' id='word_1_172' title='bbox 948 4050 1942 4071; x_wconf 85' lang='grc'><strong>............................</strong></span> <span class='ocrx_word' id='word_1_173' title='bbox 2035 3990 2139 4065; x_wconf 86' lang='lat' dir='ltr'><strong>VllI.</strong></span> 
     </span>
    </p>
   </div>
   <div class='ocr_carea' id='block_1_4' title="bbox 721 4108 2141 4675">
    <p class='ocr_par' dir='ltr' id='par_1_4' title="bbox 818 4108 2138 4199">
     <span class='ocr_line' id='line_1_29' title="bbox 818 4108 2138 4199; baseline 0 -15"><span class='ocrx_word' id='word_1_174' title='bbox 818 4111 874 4185; x_wconf 90' lang='lat' dir='ltr'><strong>die</strong></span> <span class='ocrx_word' id='word_1_175' title='bbox 899 4113 1009 4199; x_wconf 87' lang='lat' dir='ltr'><strong>Iovis,</strong></span> <span class='ocrx_word' id='word_1_176' title='bbox 1036 4113 1119 4187; x_wconf 90' lang='lat' dir='ltr'><strong>hora</strong></span> <span class='ocrx_word' id='word_1_177' title='bbox 1137 4171 1653 4190; x_wconf 87' lang='grc'><strong>...............</strong></span> <span class='ocrx_word' id='word_1_178' title='bbox 1660 4123 1663 4127; x_wconf 67' lang='grc'><strong>“</strong></span> <span class='ocrx_word' id='word_1_179' title='bbox 1680 4169 1942 4187; x_wconf 90' lang='grc'><strong>........</strong></span> <span class='ocrx_word' id='word_1_180' title='bbox 2091 4108 2138 4182; x_wconf 82' lang='lat' dir='ltr'><strong>X.</strong></span> 
     </span>
    </p>

    <p class='ocr_par' dir='ltr' id='par_1_5' title="bbox 821 4229 2141 4317">
     <span class='ocr_line' id='line_1_30' title="bbox 821 4229 2141 4317; baseline 0 -14"><span class='ocrx_word' id='word_1_181' title='bbox 821 4230 876 4304; x_wconf 94' lang='lat' dir='ltr'><strong>die</strong></span> <span class='ocrx_word' id='word_1_182' title='bbox 902 4230 1064 4317; x_wconf 90' lang='lat' dir='ltr'><strong>Veneris,</strong></span> <span class='ocrx_word' id='word_1_183' title='bbox 1098 4232 1181 4306; x_wconf 87' lang='lat' dir='ltr'><strong>hora</strong></span> <span class='ocrx_word' id='word_1_184' title='bbox 1208 4283 1940 4310; x_wconf 89' lang='grc'><strong>.....................</strong></span> <span class='ocrx_word' id='word_1_185' title='bbox 2073 4229 2141 4303; x_wconf 89' lang='lat' dir='ltr'><strong>Xl.</strong></span> 
     </span>
    </p>

    <p class='ocr_par' dir='ltr' id='par_1_6' title="bbox 721 4346 2138 4567">
     <span class='ocr_line' id='line_1_31' title="bbox 820 4346 2138 4435; baseline 0 -14"><span class='ocrx_word' id='word_1_186' title='bbox 820 4349 876 4421; x_wconf 85' lang='lat' dir='ltr'><strong>die</strong></span> <span class='ocrx_word' id='word_1_187' title='bbox 901 4350 1058 4435; x_wconf 88' lang='lat' dir='ltr'><strong>Saturni,</strong></span> <span class='ocrx_word' id='word_1_188' title='bbox 1084 4352 1166 4425; x_wconf 90' lang='lat' dir='ltr'><strong>hora</strong></span> <span class='ocrx_word' id='word_1_189' title='bbox 1209 4406 1941 4427; x_wconf 90' lang='grc'><strong>.....................</strong></span> <span class='ocrx_word' id='word_1_190' title='bbox 2036 4346 2138 4419; x_wconf 88' lang='lat' dir='ltr'><strong>Vlll.</strong></span> 
     </span>
     <span class='ocr_line' id='line_1_32' title="bbox 721 4466 1942 4567; baseline 0 -28"><span class='ocrx_word' id='word_1_191' title='bbox 721 4466 892 4539; x_wconf 86' lang='lat' dir='ltr'><strong>Ciceronis</strong></span> <span class='ocrx_word' id='word_1_192' title='bbox 910 4470 1080 4541; x_wconf 86' lang='lat' dir='ltr'><strong>orationes</strong></span> <span class='ocrx_word' id='word_1_193' title='bbox 1102 4469 1146 4543; x_wconf 89' lang='lat' dir='ltr'><strong>de</strong></span> <span class='ocrx_word' id='word_1_194' title='bbox 1168 4469 1244 4567; x_wconf 87' lang='lat' dir='ltr'><strong>lege</strong></span> <span class='ocrx_word' id='word_1_195' title='bbox 1262 4470 1411 4566; x_wconf 83' lang='lat' dir='ltr'><strong>agraria,</strong></span> <span class='ocrx_word' id='word_1_196' title='bbox 1433 4468 1558 4542; x_wconf 86' lang='lat' dir='ltr'><strong>selecta</strong></span> <span class='ocrx_word' id='word_1_197' title='bbox 1575 4466 1942 4565; x_wconf 79' lang='lat' dir='ltr'><strong>ex&#39;l&#39;aoito,Virgilio,</strong></span> 
     </span>
    </p>

    <p class='ocr_par' dir='ltr' id='par_1_7' title="bbox 771 4582 2138 4675">
     <span class='ocr_line' id='line_1_33' title="bbox 771 4582 2138 4675; baseline -0.001 -18"><span class='ocrx_word' id='word_1_198' title='bbox 771 4584 936 4674; x_wconf 88' lang='lat' dir='ltr'><strong>Horatio,</strong></span> <span class='ocrx_word' id='word_1_199' title='bbox 956 4588 1080 4661; x_wconf 87' lang='lat' dir='ltr'><strong>diebus</strong></span> <span class='ocrx_word' id='word_1_200' title='bbox 1101 4588 1241 4675; x_wconf 86' lang='lat' dir='ltr'><strong>Lunae,</strong></span> <span class='ocrx_word' id='word_1_201' title='bbox 1267 4588 1411 4675; x_wconf 88' lang='lat' dir='ltr'><strong>Martis,</strong></span> <span class='ocrx_word' id='word_1_202' title='bbox 1436 4586 1601 4660; x_wconf 89' lang='lat' dir='ltr'><strong>Mercurii</strong></span> <span class='ocrx_word' id='word_1_203' title='bbox 1619 4595 1654 4660; x_wconf 93' lang='lat' dir='ltr'><strong>et</strong></span> <span class='ocrx_word' id='word_1_204' title='bbox 1674 4586 1835 4675; x_wconf 86' lang='lat' dir='ltr'><strong>Veneria,</strong></span> <span class='ocrx_word' id='word_1_205' title='bbox 1861 4586 1944 4660; x_wconf 86' lang='lat' dir='ltr'><strong>hora</strong></span> <span class='ocrx_word' id='word_1_206' title='bbox 2091 4582 2138 4656; x_wconf 88' lang='lat' dir='ltr'><strong>X.</strong></span> 
     </span>
    </p>
   </div>
   <div class='ocr_carea' id='block_1_5' title="bbox 725 4704 2139 4901">
    <p class='ocr_par' dir='ltr' id='par_1_8' title="bbox 725 4704 2139 4901">
     <span class='ocr_line' id='line_1_34' title="bbox 725 4704 2108 4892; baseline -0.001 -114"><span class='ocrx_word' id='word_1_207' title='bbox 725 4706 961 4803; x_wconf 88' lang='lat' dir='ltr'><strong>Antiquitates</strong></span> <span class='ocrx_word' id='word_1_208' title='bbox 989 4707 1161 4780; x_wconf 86' lang='lat' dir='ltr'><strong>Romanas</strong></span> <span class='ocrx_word' id='word_1_209' title='bbox 1188 4708 1299 4780; x_wconf 89' lang='lat' dir='ltr'><strong>tradet</strong></span> <span class='ocrx_word' id='word_1_210' title='bbox 1321 4706 1444 4780; x_wconf 89' lang='lat' dir='ltr'><strong>diebus</strong></span> <span class='ocrx_word' id='word_1_211' title='bbox 1466 4706 1606 4792; x_wconf 88' lang='lat' dir='ltr'><strong>Lunae,</strong></span> <span class='ocrx_word' id='word_1_212' title='bbox 1630 4706 1755 4780; x_wconf 86' lang='lat' dir='ltr'><strong>Martis</strong></span> <span class='ocrx_word' id='word_1_213' title='bbox 1778 4715 1813 4778; x_wconf 91' lang='lat' dir='ltr'><strong>et</strong></span> <span class='ocrx_word' id='word_1_214' title='bbox 1833 4704 1946 4791; x_wconf 87' lang='lat' dir='ltr'><strong>lovis,</strong></span> <span class='ocrx_word' id='word_1_215' title='bbox 2072 4818 2108 4892; x_wconf 79' lang='lat' dir='ltr'>X</span> 
     </span>
     <span class='ocr_line' id='line_1_35' title="bbox 773 4821 2139 4901; baseline 0 -5"><span class='ocrx_word' id='word_1_216' title='bbox 773 4823 856 4898; x_wconf 90' lang='lat' dir='ltr'><strong>hora</strong></span> <span class='ocrx_word' id='word_1_217' title='bbox 883 4880 1037 4901; x_wconf 90' lang='grc'><strong>.....</strong></span> <span class='ocrx_word' id='word_1_218' title='bbox 1055 4854 1060 4863; x_wconf 59' lang='grc'><em>’</em></span> <span class='ocrx_word' id='word_1_219' title='bbox 1064 4880 1945 4901; x_wconf 89' lang='grc'><strong>.........................</strong></span> <span class='ocrx_word' id='word_1_220' title='bbox 2110 4821 2139 4894; x_wconf 93' lang='grc' dir='ltr'><strong>Ι.</strong></span> 
     </span>
    </p>
   </div>
   <div class='ocr_carea' id='block_1_6' title="bbox 0 0 2488 6166">
    <p class='ocr_par' dir='ltr' id='par_1_9' title="bbox 0 0 2488 6166">
     <span class='ocr_line' id='line_1_36' title="bbox 0 0 2488 6166; baseline 0 0"><span class='ocrx_word' id='word_1_221' title='bbox 0 0 2488 6166; x_wconf 95' lang='lat' dir='ltr'><strong> </strong></span> 
     </span>
    </p>
   </div>
  </div>
 </body>
</html>
