4967 6175
684 627 730 695 84
1235 629 1262 695 l.
1297 625 1336 697 A.
1369 628 1404 694 C.
1438 625 1660 697 ROVERS

685 830 860 911 sermones
884 832 1031 925 hebere,
1055 834 1240 911 informare
1261 833 1497 909 adolescentes
1516 832 1562 908 ad
1585 833 1756 908 bonarum
1776 830 1925 921 artium
1939 854 2010 905 non
2025 829 2208 907 adeanum

685 962 722 1031 et
743 978 933 1053 equorum,
956 978 1128 1045 amorem,
1160 954 1293 1056 praeire
1316 954 1467 1030 familiae
1489 952 1622 1054 ingenii
1650 952 1830 1028 exeolendi
1853 960 1890 1029 et
1910 949 2059 1051 pectoris
2084 951 2208 1027 virtute

683 1072 870 1149 roborandi
906 1074 1043 1163 studio,
1078 1082 1119 1149 ut
1149 1074 1294 1149 heredes
1328 1074 1383 1148 eui
1416 1082 1551 1148 mature
1586 1079 1797 1173 cognoscent
1829 1095 1927 1147 verae
1961 1070 2075 1147 leudie
2104 1071 2207 1163 riam,

685 1216 832 1292 eamque
856 1192 1016 1293 diligenti
1041 1194 1165 1270 virium
1192 1193 1384 1268 intentione
1408 1193 1476 1267 eibi
1498 1218 1640 1294 quoque
1662 1198 1780 1294 patere
1803 1191 1991 1293 gaudeant.
2032 1190 2207 1267 Praeclare

685 1312 838 1413 proleoto
861 1313 941 1405 ille,
966 1339 1071 1414 quem
1096 1314 1300 1404 memoravi,
1325 1321 1448 1413 poeta,

1009 1542 1136 1605 Maxime
1154 1542 1270 1605 debetur
1288 1563 1373 1625 puero
1393 1544 1556 1607 reverentia.
1596 1544 1627 1605 si
1646 1544 1714 1625 qnid

1008 1647 1101 1727 Turpe
1121 1667 1216 1727 perae,
1237 1665 1274 1707 ne
1294 1654 1326 1707 tu
1344 1648 1424 1727 pueri
1442 1646 1622 1709 ennumaerie
1641 1666 1747 1709 annoe:

1007 1747 1063 1809 Sed
1082 1760 1229 1829 pereaturo
1248 1750 1365 1811 ebeietat
1384 1750 1437 1810 tibi
1456 1750 1530 1811 filine
1549 1750 1650 1812 insane.

1010 1952 1131 2033 Hospite
1151 1956 1283 2026 venturo,
1304 1953 1423 2015 eeeeabit
1441 1973 1523 2015 nemo
1543 1959 1668 2015 tuorum:

1009 2055 1097 2117 Verre
1117 2056 1321 2135 perimentum,
1342 2055 1444 2117 nitidae
1463 2056 1578 2117 oetende
1597 2058 1755 2127 eolumnae.

1008 2155 1096 2217 Arida
1116 2176 1178 2216 eum
1198 2163 1258 2217 tote
1277 2156 1426 2217 descendat
1445 2178 1546 2218 aranea
1564 2160 1636 2235 tela,

1008 2258 1067 2319 Hie
1086 2260 1147 2319 leve
1167 2264 1328 2336 argentam,
1349 2280 1416 2321 reea
1435 2280 1531 2341 aeperu
1549 2265 1658 2337 tergeat
1677 2260 1762 2320 alter:

1005 2360 1071 2419 Vox
1091 2358 1197 2419 domini
1217 2360 1285 2420 furit
1303 2361 1432 2421 mutantia
1452 2360 1613 2440 virgamque
1633 2362 1764 2425 urentia.

1005 2462 1083 2539 Ergo
1103 2461 1186 2522 mieer
1205 2462 1344 2544 trepidae,
1365 2483 1401 2524 ne
1421 2470 1542 2523 etereore
1561 2463 1643 2523 loeda
1664 2463 1763 2524 oanino

1005 2563 1086 2625 Atria
1104 2563 1268 2644 displiceant
1286 2566 1373 2625 oaulie
1393 2564 1529 2625 venientia
1548 2563 1648 2637 amiei,

1006 2667 1069 2726 Neo
1089 2667 1198 2746 perlusa
1217 2669 1276 2727 luto
1296 2668 1333 2727 eit
1352 2667 1473 2748 portieua
1488 2671 1536 2742 (et
1555 2675 1725 2755 lemenouno

1006 2767 1137 2828 semodio
1158 2769 1250 2830 ecobie
1269 2770 1339 2830 lraee
1358 2770 1487 2831 emendat
1506 2772 1629 2832 servulae
1648 2768 1750 2851 unuee)

1009 2869 1083 2931 Illud
1103 2891 1159 2931 non
1181 2872 1287 2949 egilae,
1307 2879 1339 2933 ut
1358 2880 1481 2934 eanetm
1500 2874 1574 2934 filine
1593 2873 1671 2933 omni

1003 2971 1129 3051 Arpiniat
1148 2972 1208 3033 eine
1229 2975 1292 3034 labe
1312 2973 1425 3035 domurn
1445 2975 1567 3055 vitioque
1587 2976 1746 3035 oarenleurl

1009 3072 1127 3132 Gratum
1147 3079 1206 3144 eet,
1227 3071 1302 3152 quod
1322 3074 1427 3154 patriae
1447 3074 1538 3134 eirene
1557 3076 1713 3154 populoque
1731 3069 1847 3144 dedieli,

1009 3175 1040 3234 Si
1059 3173 1143 3247 ianm,
1164 3181 1195 3234 ut
1214 3174 1320 3254 patriae
1339 3176 1377 3234 eit
1395 3175 1527 3245 idoneae,
1549 3176 1624 3236 utilia
1643 3176 1733 3252 egris,

1008 3275 1095 3336 Utilia
1115 3282 1144 3336 et
1162 3277 1300 3336 bellorum
1319 3285 1347 3337 et
1366 3279 1442 3358 pecie
1460 3279 1543 3339 rebue
1562 3277 1686 3355 agundia.

1007 3379 1161 3440 Plurimum
1172 3379 1247 3439 enim
1255 3380 1398 3453 intererit,
1409 3381 1507 3461 quibua
1518 3381 1622 3442 artibue
1632 3385 1661 3442 et
1670 3379 1770 3460 quibua
1778 3378 1894 3440 hanetu

1011 3465 1138 3544 Moribue
1157 3482 1286 3542 instituee
1306 3481 1341 3563 ¹).
1671 3483 1674 3487 ’

740 3693 872 3770 Verum
903 3719 925 3771 e
953 3693 1169 3793 superiorum
1199 3695 1362 3770 ordinum
1383 3690 1521 3770 ¹eivibue
1549 3694 1812 3796 progrediamur
1838 3693 1884 3769 ed
1909 3717 1986 3783 eoe,
2011 3692 2074 3792 qui
2096 3690 2217 3768 eivita-

691 3813 788 3890 tibus
817 3821 992 3915 praeeunt.
1043 3813 1112 3888 Hie
1143 3823 1238 3888 aetna
1271 3821 1392 3890 nostra
1424 3815 1571 3890 severior
1596 3816 1702 3890 etiam
1728 3821 1782 3889 eet
1803 3838 1910 3913 quem
1934 3812 2003 3888 illia
2027 3810 2217 3912 sapientiae

609 3915 616 3934 ⁶
692 3932 868 4033 magistra.
920 3931 959 4005 Si
989 3930 1069 4031 quie
1093 3955 1213 4006 eorum
1238 3956 1415 4006 nnnovrer
1437 3957 1503 4007 xrv
1526 3933 1636 4008 inetar
1658 3933 1776 4008 oeuloe
1797 3933 1913 4032 regine
1933 3931 2122 4008 maieetatie
2147 3931 2217 4006 ful-

693 4077 776 4155 gone
797 4051 1048 4155 praestringere
1072 4051 1195 4140 vellet,
1221 4075 1266 4126 ne
1290 4051 1359 4151 ipei
1380 4052 1523 4151 quidem
1543 4078 1642 4153 regee
1665 4060 1852 4152 negarent,
1878 4077 1915 4128 ee
1936 4051 2066 4129 multoe
2088 4050 2217 4126 vidiaee

695 4170 821 4246 delir'oe
857 4171 999 4261 fratrea,
1037 4169 1100 4244 aed
1134 4169 1197 4270 qui
1231 4170 1363 4271 magia,
1399 4195 1505 4271 quam
1540 4172 1616 4260 ille,
1650 4172 1830 4264 deliraret,
1865 4172 1992 4249 vidieae
2026 4170 2215 4248 neminem.

694 4289 786 4366 Quia
819 4289 911 4364 enim
939 4289 1056 4388 paullo
1084 4289 1225 4387 quidem
1259 4291 1384 4366 cultior
1410 4291 1638 4367 vindobonae
1666 4317 1752 4391 gnae
1785 4291 2005 4391 imperatoria
2033 4290 2121 4367 adeo
2152 4288 2216 4364 ob·

695 4407 883 4508 etupeeeit,
916 4417 979 4483 aut
1010 4409 1048 4482 in
1076 4431 1226 4482 uranum
1249 4409 1336 4484 urbe
1363 4418 1502 4485 aeterna
1521 4410 1750 4486 Baeiliearum
1775 4411 1906 4487 divitiis
1927 4411 1977 4488 eie
2001 4410 2039 4485 iu
2065 4407 2216 4486 admiru-

693 4527 825 4603 tionem
857 4526 1010 4628 rapitur,
1046 4535 1087 4602 ut
1118 4526 1260 4603 inutilee
1281 4527 1358 4605 illoe
1382 4531 1560 4607 theeauroe
1582 4554 1651 4606 non
1677 4531 1840 4607 ardenter
1862 4530 2008 4610 oonlerri
2030 4528 2149 4632 cupiat
2169 4527 2217 4604 ed

736 4789 762 4867 ¹)
791 4793 853 4852 aar.
872 4787 953 4863 XIV,
976 4791 1031 4863 12,
1053 4789 1102 4862 tt,
1126 4791 1174 4850 tt.
