4967 6175
657 652 700 723 28
1249 646 1589 716 Alabana

704 858 765 933 Ad
784 858 925 933 altarum
949 856 1075 931 accedo
1093 856 1259 933 orationis
1282 862 1434 955 partem,
1459 878 1530 954 qua
1551 850 1760 928 Academiae
1776 873 1839 950 per
1861 872 1996 925 annum
2023 848 2188 947 praeteri·

656 984 734 1054 tum
763 977 835 1051 fata
866 974 1152 1050 commemorabo.
1202 975 1317 1065 Quam
1349 971 1492 1073 quidem
1519 970 1750 1054 narrationem
1772 967 2006 1044 tristissimam
2029 968 2185 1074 forano·

655 1121 714 1173 mo
746 1105 800 1171 est
829 1094 994 1171 Vestrum
1025 1093 1088 1194 qui
1118 1094 1264 1193 ignoret.
1314 1093 1398 1169 Fuit
1422 1093 1518 1168 enim
1540 1092 1597 1167 hic
1620 1115 1734 1168 annus
1757 1088 1967 1166 Academiae
1990 1096 2126 1164 nostrae
2146 1088 2185 1163 in

619 1264 624 1277 ·
655 1215 776 1315 paucis
800 1213 990 1290 luctuosus.
1040 1212 1116 1286 Nec
1140 1220 1276 1300 mmen,
1301 1210 1438 1286 ehamsi
1462 1212 1518 1286 lex
1540 1212 1704 1311 repetitas
1727 1211 1790 1287 has
1810 1209 1926 1285 clades
1951 1207 2087 1283 silentio
2108 1233 2186 1309 pre·

657 1360 751 1411 mere
772 1334 917 1422 sineret,
942 1341 1003 1407 aut
1024 1330 1127 1419 mihi,
1152 1338 1214 1405 aut
1234 1328 1298 1404 ulli
1318 1327 1482 1403 Vestrum
1503 1328 1717 1404 omittendae
1737 1353 1813 1403 esse
1834 1327 2041 1403 viderentur.
2082 1326 2188 1404 Diem

657 1455 751 1530 enim
778 1452 1019 1528 Universitatis
1042 1451 1172 1525 festum
1195 1459 1339 1549 agentem
1360 1450 1420 1548 pia
1447 1449 1548 1525 decet
1567 1448 1758 1526 recordatio
1780 1447 1936 1535 illorum,
1960 1445 2023 1547 qui
2044 1446 2131 1523 dum
2149 1448 2187 1522 in

659 1575 745 1649 vivis
770 1581 868 1649 erant
892 1598 970 1647 eam
997 1578 1033 1645 et
1056 1569 1228 1645 ornabant
1250 1578 1287 1644 et
1310 1568 1581 1669 amplificabant.

637 1730 639 1734 ·
709 1692 917 1767 Academiae
940 1691 1126 1767 Curatores
1148 1713 1259 1789 quum
1282 1689 1481 1779 intuemur,
1505 1689 1743 1765 desideramus
1766 1687 1803 1761 in
1828 1685 1897 1761 illis
1922 1684 2188 1786 Amplissimum

658 1836 877 1888 nonomensr
908 1833 1104 1885 casrasosr
1127 1832 1262 1898 annac,
1288 1809 1344 1884 die
1372 1810 1418 1883 18
1445 1833 1493 1884 m.
1516 1808 1698 1885 Februarii
1721 1807 1805 1883 anni
1828 1805 2013 1906 superioris
2037 1806 2108 1882 vita
2130 1806 2190 1881 da·

659 1933 833 2007 iunctum.
891 1930 1003 2019 Quem
1029 1928 1196 2003 eximium
1224 1930 1338 2004 virum
1361 1954 1423 2028 pro
1447 1929 1580 2004 meritis
1604 1927 1744 2003 laudare
1768 1951 1833 2003 nec
1857 1952 1977 2002 meum
2000 1942 2055 2001 est
2076 1950 2192 2026 nequo

661 2050 767 2125 hmus
788 2049 864 2125 loci.
914 2049 983 2139 Qui
1006 2048 1280 2123 recentissimam
1306 2048 1437 2147 patriae
1456 2056 1594 2123 nostrae
1612 2046 1792 2123 historiam
1813 2047 2005 2137 dasenbet,
2029 2047 2060 2122 is
2080 2046 2192 2122 ciuem

662 2170 842 2269 egregium
864 2167 1051 2267 depingat,
1077 2192 1177 2243 verae
1201 2168 1371 2244 libertatis
1396 2169 1685 2245 amantissimum.
1735 2168 1812 2243 Nos
1836 2168 1948 2244 virum
1974 2168 2106 2243 bonum
2138 2166 2191 2264 lu·

661 2313 806 2391 gemus,
829 2287 1039 2363 Academiae
1060 2287 1406 2387 Lugduuo·Batavae
1427 2290 1523 2365 haud
1547 2284 1777 2365 uno'nomine
1799 2290 2034 2364 coniunctum.
2072 2286 2193 2378 Qualis

661 2406 849 2507 ahqnando
873 2431 935 2481 eus
962 2406 1125 2482 alumnus
1150 2406 1276 2497 luent,
1302 2414 1426 2483 testem
1449 2408 1623 2484 habemus
1649 2409 2193 2507 Clar.vsusss1sn,quemcx

663 2528 729 2603 hoc
752 2529 828 2626 ipso
850 2527 925 2603 loeo
948 2526 1119 2602 declarare
1143 2526 1388 2617 meminimus,
1412 2552 1600 2605 nnzsormr
1625 2529 1733 2605 literis
1753 2529 2015 2605 humanioribus
2035 2535 2073 2602 et
2090 2526 2192 2601 iuris·

662 2648 869 2750 prudentiae
891 2647 940 2722 sio
963 2670 1102 2746 operam
1127 2645 1287 2735 dedisse,
1313 2655 1354 2721 ut
1377 2672 1447 2723 una
1472 2674 1554 2725 cum
1575 2673 1691 2725 narro
1715 2656 1832 2726 nostro
1852 2649 2060 2725 Academiae
2087 2646 2195 2722 decus

662 2767 849 2842 haberetur
869 2773 906 2841 et
928 2773 1181 2842 ornamentum.
1233 2766 1335 2841 Idem
1360 2769 1515 2844 ostendit
1538 2770 1713 2869 specimen
1736 2769 1831 2869 quod
1856 2753 1968 2844 edidit
1987 2765 2193 2866 inaugurale

664 2889 707 2961 dc
744 2889 785 2967 Q.
823 2884 1011 2961 Hortensio
1047 2895 1200 2976 oratore,
1237 2885 1413 2963 Οἱοενοπὼ
1444 2892 1592 2977 aemulo,
1622 2890 1682 2965 illo
1703 2891 1827 2964 iuvene
1849 2890 2113 2988 dignissimum,
2136 2906 2197 2979 cui

663 3014 810 3104 patruus
843 3026 1029 3077 renarrans
1062 3027 1200 3092 annac,
1234 3006 1292 3077 cui
1321 3028 1481 3078 summus
1511 3028 1718 3078 nonovrcns
1744 3027 1929 3079 claranus
1950 3027 2198 3080 vancnuana

665 3132 843 3197 metemus
876 3145 962 3195 avus
995 3127 1079 3194 erat.
1129 3122 1241 3210 Quam
1273 3120 1499 3195 Academiam
1524 3121 1724 3195 adolescens
1745 3131 1942 3212 ornaverat,
1967 3147 2045 3198 eam
2069 3122 2197 3198 deinde

665 3223 770 3315 etiam
800 3262 914 3314 caram
947 3236 1091 3325 habuit,
1122 3246 1331 3337 quapropter
1365 3238 1604 3337 gratissimum
1635 3239 1668 3312 ei
1692 3242 1837 3331 accidit,
1861 3243 1957 3341 quod
1978 3265 2071 3318 anno
2090 3241 2199 3317 huius

667 3367 775 3446 seculi
796 3371 885 3441 41ῃιο
897 3365 1006 3465 Regis
1025 3365 1163 3439 decreto
1181 3366 1226 3439 ad
1243 3389 1298 3439 res
1318 3364 1412 3440 illius
1432 3366 1602 3440 curandas
1624 3372 1764 3440 vocatus
1786 3371 1849 3438 est.
1885 3362 2098 3440 Gravissimo
2115 3362 2197 3437 hnic

667 3487 824 3574 muneri,
849 3483 1007 3584 quamvis
1028 3483 1237 3582 reipublicae
1263 3484 1414 3583 negotiis
1438 3484 1629 3575 distentus,
1653 3507 1846 3582 numquam
1867 3482 1996 3572 deluit,
2020 3483 2067 3558 ad
2089 3483 2195 3558 vitam

670 3614 788 3708 eutem
819 3605 989 3705 privatam
1021 3627 1178 3678 reversus
1202 3603 1468 3703 diligentissime
1493 3607 1635 3682 vacavit.
1686 3607 1867 3680 Praeterea
1888 3603 1983 3677 idem
2007 3602 2103 3678 haud
2125 3626 2196 3677 nna

669 3724 806 3798 ratione
827 3725 871 3798 ds
892 3723 1000 3798 literis
1019 3723 1151 3822 optime
1173 3723 1319 3799 meritus
1339 3733 1401 3801 est.
1453 3726 1625 3801 Eximiam
1647 3726 1714 3801 sibi
1734 3730 1990 3824 comparaverat
2013 3721 2196 3797 bibliothe-

669 3867 765 3931 cam,
799 3867 905 3942 quam
934 3866 1005 3918 non
1029 3841 1229 3942 possidebat
1256 3849 1417 3933 tantum,
1441 3845 1504 3919 sed
1529 3846 1633 3921 etiam
1659 3846 1697 3920 in
1721 3870 1826 3922 suum
1850 3845 2066 3942 aliorumque
2090 3865 2195 3917 usum

671 3963 901 4040 convertebat.
958 3964 1006 4039 Et
1036 3962 1171 4038 civibus
1194 3971 1230 4037 et
1251 3963 1399 4052 eamne,
1425 3964 1555 4062 quibus
1579 3973 1654 4041 erat
1674 3947 1858 4041 facillimus
1882 3965 1928 4039 ad
1953 3988 2034 4038 eum
2055 3962 2195 4049 aditus,

674 4107 744 4182 qua
777 4091 851 4158 erat
881 4081 1119 4158 benevolentia
1152 4089 1188 4156 et
1218 4084 1402 4172 comitate,
1427 4085 1608 4161 thesauros
1631 4111 1713 4162 suos
1731 4086 1855 4162 lubens
1877 4083 2062 4185 aperiebat.
2111 4081 2198 4158 Eos·

675 4203 755 4279 dem
786 4205 931 4279 virtutes
959 4207 1133 4302 quotquot
1163 4225 1245 4277 eum
1268 4202 1494 4302 cognovimus
1516 4206 1650 4305 experti
1671 4209 1951 4304 sumuslomnes.
2001 4204 2059 4280 Sic
2080 4202 2198 4279 nobis·

674 4347 754 4398 cum
789 4323 1007 4412 versabatur,
1041 4331 1081 4396 ut
1110 4322 1338 4414 nesciremus,
1364 4333 1483 4399 utrum
1510 4349 1592 4400 eum
1616 4325 1662 4401 ob
1684 4326 1816 4427 ingenii
1838 4350 1983 4404 momen
2006 4331 2042 4400 et
2067 4323 2198 4398 variam

674 4442 865 4518 doctrinam
886 4441 1135 4518 admiraremur
1153 4441 1291 4541 potius,
1308 4467 1354 4518 an
1374 4452 1514 4544 propter
1534 4445 1690 4546 egregias
1709 4447 1817 4523 animi
1827 4446 1943 4546 ,dotes
1961 4444 2195 4544 diligeremus.

675 4561 814 4638 Testem
845 4561 1014 4636 hahemus
1043 4584 1209 4650 sanun,
1241 4561 1372 4637 iudea
1405 4565 1553 4662 pueritia
1579 4567 1751 4643 amicitiae
1784 4567 1921 4643 maculo
1953 4565 1987 4641 ai
2016 4565 2197 4648 iunctum

676 4687 783 4757 testes
818 4679 906 4770 Vos,
942 4681 1103 4781 Collegae
1135 4681 1437 4756 aestumatissimil
1474 4683 1537 4781 qui
1568 4685 1606 4759 in
1639 4684 1906 4763 familiaritatem
1930 4685 2023 4760 illius
2051 4677 2197 4758 admissi

674 4825 795 4877 senem
817 4800 1010 4890 affabilem,
1042 4799 1111 4901 ipsi
1132 4799 1306 4890 iuniores,
1331 4809 1368 4876 et
1391 4802 1543 4878 venerati
1570 4810 1606 4879 et
1629 4829 1745 4883 amore
1770 4806 1943 4907 prosecuti
1966 4803 2061 4881 estis.
2108 4798 2197 4892 Quis
