4967 6175
669 666 714 739 ιο
1264 663 1302 731 n.
1343 608 1601 728 rosrsr

671 882 709 953 et
744 874 903 951 iilhsttnt.
962 872 1059 961 (ΜΘ
1092 886 1204 969 quum
1238 867 1290 943 ite
1322 866 1410 956 sint,
1443 864 1556 966 qualis
1588 862 1636 939 sit
1657 862 1856 939 oteheim
1875 861 1899 939 i.
1924 886 1955 939 e.
1979 860 2093 963 ipsius
2116 884 2201 941 use

673 1010 823 1071 onnrsrr
844 990 980 1093 religio,
1004 1008 1051 1065 ne
1073 988 1152 1089 quis
1173 987 1305 1063 dubius
1324 986 1497 1088 enqnirst
1547 982 1768 1060 Christianus
1788 981 1821 1058 is
1840 990 1915 1072 est,
1939 982 2002 1082 qui
2022 1005 2108 1061 use
2130 983 2201 1083 spi·

672 1118 743 1194 ritu
769 1125 949 1212 tamquam
980 1109 1139 1185 imbutus
1162 1107 1258 1184 illins
1281 1108 1436 1209 vestigiis
1455 1105 1603 1195 insistit;
1628 1104 1691 1205 qni
1714 1104 1833 1179 Deum
1857 1103 1997 1179 Patrem
2022 1102 2200 1203 heripsir-

673 1236 820 1325 simnm,
843 1252 959 1309 rernm
980 1230 1137 1307 omnium
1160 1229 1361 1330 providum,
1385 1247 1595 1327 agnoscens,
1618 1224 1719 1325 regni
1737 1222 1833 1299 illins
1851 1222 1982 1313 divini,
2001 1224 2104 1300 onins
2126 1224 2202 1325 ipss

672 1354 761 1431 civis
795 1360 869 1441 ent,
893 1352 982 1425 finos
1006 1347 1161 1449 quotidie
1185 1347 1370 1423 extendere
1392 1356 1547 1422 conetur.
1596 1344 1831 1421 Christisnem
1855 1352 1971 1419 eutem
1997 1343 2201 1444 religionen

672 1473 874 1550 brevissime
896 1470 1001 1545 simul
1024 1476 1060 1543 et
1081 1466 1212 1567 optime
1236 1466 1420 1555 describit,
1445 1467 1507 1566 qni
1531 1465 1670 1565 pietatis
1693 1490 1777 1565 ergo
1799 1465 1917 1539 Deum
1936 1470 1975 1538 et
1994 1464 2104 1539 studii
2123 1484 2200 1565 per·

665 1592 830 1670 remonis
862 1588 993 1665 ethime
1027 1586 1254 1663 arctissimam
1281 1586 1577 1675 coniunctionem,
1604 1585 1690 1686 qnin
1720 1584 1904 1683 utriusque
1928 1582 2101 1661 nnitotem
2122 1607 2200 1661 eom

671 1712 808 1787 dixerit.

721 1830 793 1905 Sed
817 1828 934 1904 stetim
961 1843 1098 1915 vereor,
1124 1848 1168 1899 ne
1195 1822 1254 1898 oni
1279 1822 1445 1898 Vestrum
1470 1821 1587 1898 ieiune
1612 1820 1804 1897 sdmodnm
1827 1829 1865 1896 st
1889 1820 2020 1919 {rigide
2041 1821 2199 1899 videntur

671 1952 757 2027 hseo
791 1947 967 2036 dednitio,
1000 1945 1131 2045 qnippe
1161 1964 1253 2043 quoe
1279 1941 1374 2017 hond
1399 1964 1511 2042 penos
1537 1942 1677 2017 omittet
1699 1941 1745 2017 sd
1766 1940 1969 2041 religionem
1992 1966 2072 2017 vers
2092 1942 2198 2042 perti-

671 2070 800 2147 nentia.
851 2070 969 2147 Quem
1005 2062 1180 2164 querelem
1212 2070 1255 2137 ut
1291 2084 1356 2138 nuo
1387 2063 1500 2163 pretio
1530 2062 1773 2152 esrdmemns,
1805 2061 1995 2137 ridendum
2023 2071 2099 2152 est,
2127 2074 2199 2163 qno

673 2199 775 2291 pecto
798 2196 834 2263 et
856 2208 936 2263 cnm
960 2184 1125 2283 reiigione
1146 2181 1344 2257 Christiane
1364 2180 1570 2257 cohaereant
1590 2193 1626 2257 et
1646 2181 1692 2257 eh
1714 2206 1757 2257 ee
1777 2180 1912 2257 dicem
1935 2180 2026 2272 sint,
2049 2208 2142 2282 quse
2158 2182 2197 2259 in

674 2308 904 2407 descriptione
927 2313 1045 2379 nostre
1068 2298 1196 2376 frurtrs
1219 2310 1445 2400 quaeruntur.

722 2430 801 2504 Hoo
832 2446 915 2505 sene
948 2446 1052 2529 nemo
1082 2421 1248 2496 Vestrum
1272 2442 1481 2521 magnopere
1504 2421 1750 2522 reprehendet,
1775 2420 1871 2519 qnod
1895 2419 2072 2523 religionis
2097 2420 2197 2497 Chrib

675 2550 806 2625 stienee
841 2546 1018 2622 notionem
1047 2542 1263 2617 constituens
1282 2542 1327 2616 de
1349 2543 1592 2617 communione
1614 2540 1861 2631 ecclesiastico,
1885 2542 1931 2619 de
1952 2550 2074 2618 costus
2097 2541 2197 2617 Chri·

670 2670 774 2745 stieni
795 2666 973 2767 regiminis
994 2663 1124 2750 forms,
1149 2661 1193 2735 de
1216 2661 1343 2736 ritihus
1363 2661 1497 2737 homini
1517 2661 1717 2737 Christiano
1736 2662 1790 2737 vei
1808 2662 1919 2737 semei
1934 2661 2129 2737 subeundis
2144 2660 2198 2737 vd

668 2788 861 2865 identidem
892 2782 1106 2867 celebrandis
1139 2803 1184 2855 no
1214 2781 1359 2856 verbnm
1393 2781 1537 2880 quidem
1570 2782 1703 2858 monui.
1760 2780 1951 2861 Quontiris
1971 2780 2058 2858 hoen
2079 2781 2198 2857 omnis

668 2909 743 2984 fieri
770 2910 808 2982 in
844 2904 987 2982 socieris
1022 2900 1367 2977 Romenooethoiioe
1400 2902 1485 2975 setis
1514 2912 1663 2977 constet.
1712 2904 1820 2977 lintre
1850 2901 2041 2977 Ecclesiam
2063 2901 2196 2977 nniism

668 3028 817 3102 salntem
850 3040 925 3098 esse
956 3021 1023 3097 reti
1048 3014 1220 3118 theologi,
1252 3018 1383 3118 quihus
1404 3020 1564 3095 Romnno
1587 3019 1694 3096 curis
1717 3020 1885 3122 imperet,
1909 3046 1931 3098 e
1954 3019 2197 3096 coniunctione

668 3167 750 3221 cem
787 3136 962 3230 Ecclesia,
999 3139 1052 3213 uti
1089 3163 1152 3237 por
1184 3147 1258 3228 oet,
1294 3163 1434 3214 omnem
1463 3139 1664 3239 religionem
1695 3165 1900 3241 ruspensem
1933 3141 2074 3218 indunt.
2124 3139 2197 3214 His

672 3283 751 3340 cero
776 3263 858 3337 inde
883 3261 928 3336 sb
953 3259 1053 3334 initio
1076 3260 1312 3334 Protestentes
1338 3281 1414 3335 sese
1437 3270 1696 3359 opposuerunt,
1729 3262 1775 3336 sd
1800 3261 1979 3337 historiam
1999 3261 2102 3361 longe
2129 3259 2198 3336 niis

670 3387 853 3460 docentem
873 3381 1006 3482 optimo
1032 3380 1108 3454 iure
1131 3387 1366 3479 provocantes.
1415 3377 1504 3454 Fide
1520 3381 1640 3455 omnio
1660 3381 1829 3456 contineri
1847 3380 2082 3481 proclament,
2106 3403 2196 3478 qnos

669 3505 734 3580 nbi
766 3503 858 3578 edsit
888 3511 1007 3576 coetus
1042 3499 1294 3575 ecclesiasticus
1330 3509 1453 3600 sponte
1483 3501 1632 3590 orietur,
1668 3501 1731 3576 uhi
1755 3523 1835 3576 roro
1861 3500 1979 3588 shsit,
2008 3499 2136 3574 ritihns
2158 3507 2197 3574 et

670 3623 790 3700 formis
821 3615 959 3698 nulium
999 3618 1226 3694 tribuendum
1259 3620 1305 3694 sit
1333 3621 1496 3720 pretium.
1555 3619 1701 3695 Accedit
1733 3620 1830 3720 qnod
1866 3620 1903 3695 in
1931 3603 1999 3694 =his
2029 3617 2195 3694 onmihn's

670 3744 758 3822 nihii
789 3743 912 3818 stabile
947 3759 1022 3815 esse
1057 3738 1200 3813 historio
1235 3738 1410 3814 luculente
1435 3740 1659 3816 demonstret.
1708 3740 1817 3815 Nolis
1837 3746 1912 3828 est,
1936 3749 1978 3814 ut
2000 3739 2066 3814 hoo
2085 3761 2196 3812 nnmn

671 3863 830 3952 efferam,
855 3859 1034 3961 regiminis
1055 3857 1185 3946 forme,
1209 3858 1292 3932 inde
1312 3885 1334 3932 s
1352 3858 1570 3935 monarchics
1592 3885 1703 3959 usqne
1718 3861 1766 3935 ed
1784 3859 2069 3946 democraticum,
2090 3880 2196 3956 quom

671 4005 742 4056 non
773 3989 916 4082 experto
945 3978 1050 4054 inerit
1081 3973 1235 4052 notorie
1263 3977 1470 4056 Ohristiens.
1521 3981 1564 4054 In
1588 3981 1721 4054 rituum
1742 3979 1974 4055 edebrstions
1995 3979 2117 4054 eedem
2141 3976 2193 4050 in·

671 4101 884 4190 constantio,
917 4099 1038 4174 eodem
1071 4097 1226 4173 carietes.
1279 4096 1379 4176 Quid
1409 4100 1535 4200 pluro?
1582 4101 1752 4180 Quamvis
1783 4100 1869 4174 mihi
1900 4122 2104 4200 persuasum
2127 4095 2194 4185 sit,

673 4222 913 4297 auctoritatem
934 4217 1159 4294 timoratione
1179 4215 1268 4290 nihil
1293 4218 1425 4308 vetere,
1451 4220 1515 4294 hoo
1537 4243 1646 4294 nnum
1671 4219 1823 4294 testibus
1844 4218 2011 4296 sdhihit‘n
2031 4216 2192 4294 efficiens:

675 4341 737 4441 qui
767 4340 849 4414 onte
882 4338 945 4412 hos
977 4357 1106 4436 peneoe
1130 4355 1238 4409 ennon
1266 4336 1389 4412 foedus
1415 4361 1448 4439 q.
1475 4339 1510 4414 d.
1536 4338 1787 4438 Emngehenm
1810 4337 1983 4428 inierunt,
2007 4339 2045 4412 ir
2071 4337 2195 4412 hoenm

674 4465 929 4560 programmate
952 4457 996 4532 de
1019 4454 1145 4530 ritihus
1167 4465 1203 4528 et
1222 4453 1345 4530 formis
1364 4457 1602 4534 ecelesiasticis
1621 4458 1732 4533 ritum
1746 4462 1800 4532 est
1816 4457 2013 4544 silentium,
2035 4461 2195 4529 ntneno

672 4580 836 4655 dubitare
855 4571 989 4678 possit,
1011 4574 1099 4675 quin
1127 4572 1365 4676 ἀδιαφόροις
1391 4577 1477 4654 hoec
1500 4578 1569 4653 iem
1592 4577 1710 4652 cuncti
1735 4583 1973 4652 annumerent.

656 4683 662 4692 ’
727 4701 778 4774 At
794 4690 901 4798 ionge
922 4695 1021 4772 eiiter
1045 4711 1100 4770 its
1117 4713 1199 4769 sese
1221 4695 1347 4786 hehet,
1373 4696 1435 4772 uhi
1453 4697 1507 4773 ed
1527 4697 1697 4772 credendo
1719 4697 1943 4773 attendim.
1993 4693 2130 4783 iidem,
2147 4689 2196 4766 sd

674 4841 765 4919 qnos
796 4809 1043 4920 provooohmn,
1076 4813 1223 4890 foederis
1253 4811 1455 4917 iinonpeiioi
1477 4826 1633 4893 tectores
1655 4836 1774 4893 nonne
1793 4816 1873 4890 iure
1894 4839 1960 4890 sno
1978 4819 2195 4899 restem,
