4967 6175
906 669 1187 737 oarr1o.
1565 772 1569 779 ¹
1769 645 1830 738 sa‘

284 881 477 959 infelicium
517 878 725 979 populorum
754 878 967 955 calamitates
998 878 1254 954 sublevandas?
1295 876 1366 953 Sed
1385 901 1456 953 non
1478 876 1609 953 sufficit
1630 875 1811 952 civitatum

285 1000 494 1079 Rectoribus
526 996 830 1088 animaduertisse,
866 998 965 1074 aulae
995 1023 1179 1098 pompam,
1213 998 1416 1098 magnificos
1442 998 1581 1087 titulos,
1608 997 1812 1075 vestimenta

285 1122 378 1223 picta
410 1120 498 1195 tanti
536 1144 558 1194 a
588 1117 727 1219 populis
758 1117 854 1207 fieri,
890 1117 1013 1217 quanti
1046 1142 1086 1193 ea
1121 1126 1216 1191 sunt.
1266 1117 1351 1191 Huc
1380 1126 1496 1206 vocet,
1530 1117 1640 1193 immo
1664 1118 1811 1218 impellit

286 1250 400 1329 aeus,
434 1246 474 1314 at
508 1264 579 1339 quo
612 1238 686 1313 loco
714 1237 782 1336 ipsi
807 1236 877 1312 sint
899 1245 935 1312 et
960 1235 1045 1336 quid
1070 1235 1156 1310 velle
1180 1234 1315 1310 civibus
1341 1236 1442 1311 liceat
1466 1245 1502 1311 et
1526 1238 1701 1335 quomedo
1724 1238 1810 1314 civi·

287 1359 369 1434 tetis
399 1358 576 1459 proposito
613 1356 780 1445 satisfiet,
814 1356 922 1456 probe
952 1364 1171 1457 cognoscant.
1222 1355 1321 1429 Haec
1346 1356 1407 1454 qui
1432 1355 1611 1456 ignorant,
1636 1357 1812 1437 radicibus

287 1480 450 1579 nituntur
481 1503 551 1553 non
586 1477 739 1577 prolecto
771 1476 989 1553 firmissimis.
1040 1479 1083 1551 In
1114 1476 1246 1575 insigni
1271 1475 1467 1552 animorum
1489 1476 1619 1552 fervore
1644 1485 1681 1552 et
1702 1479 1812 1577 agita·

288 1599 400 1689 tione,
424 1624 514 1698 quae
534 1621 655 1673 omnes
678 1596 836 1696 regiones
859 1594 1034 1695 pervadit,
1059 1593 1096 1668 in
1116 1603 1291 1669 crescente
1314 1619 1397 1669 cure
1417 1620 1556 1684 eorum,
1582 1595 1712 1695 quibus
1731 1596 1813 1671 civi·

288 1727 403 1795 tatum
426 1720 519 1794 salus
539 1726 575 1793 et
596 1716 804 1818 prosperitas
822 1715 1034 1803 efficiantur,
1060 1715 1090 1789 si
1111 1715 1172 1813 qui
1193 1724 1257 1789 aut
1279 1714 1409 1812 torpori
1427 1714 1613 1815 indulgent
1633 1725 1695 1791 aut
1716 1740 1814 1817 spem

288 1848 425 1939 ponunt
459 1838 496 1911 in
531 1838 657 1925 frenis,
692 1836 845 1935 prolecto
878 1835 1027 1935 pessime
1060 1833 1127 1907 sibi
1159 1834 1226 1934 ipsi
1250 1832 1448 1909 consulunt.
1496 1835 1702 1934 Requiritur
1727 1836 1815 1937 vigi·

287 1957 395 2035 lentie
420 1966 456 2031 et
480 1955 718 2031 efficacissima
742 1956 802 2031 illa
827 1955 952 2030 virium
976 1953 1142 2042 intentio,
1168 1979 1257 2053 quae
1276 1952 1411 2027 civibus
1432 1954 1660 2054 persuadeat,
1684 1954 1817 2054 ingenii

289 2076 421 2151 cultum
456 2082 562 2173 atque
586 2097 703 2147 rerum
729 2073 907 2149 scientiam
932 2098 1003 2148 non
1028 2072 1171 2147 minoris
1195 2070 1239 2147 ab
1263 2072 1328 2148 hec
1352 2099 1459 2171 quam
1483 2073 1529 2148 ab
1551 2074 1610 2148 illa
1635 2081 1733 2172 parte
1756 2074 1817 2149 ha·

289 2196 373 2271 beri.
423 2194 575 2268 Animus
610 2192 799 2291 requiritur
831 2192 1021 2267 honestatis
1052 2201 1220 2292 appetens
1246 2200 1282 2267 et
1306 2218 1384 2268 vero
1406 2193 1465 2268 illa
1486 2192 1647 2268 imbutus
1670 2192 1819 2293 pietate,

292 2340 381 2417 quae
403 2314 514 2389 saevis
535 2312 740 2412 tranquillos
765 2312 801 2385 in
827 2312 929 2386 undis
953 2320 1105 2412 praestat
1130 2321 1166 2387 et
1186 2312 1354 2387 formulae
1377 2314 1448 2388 Dei
1462 2316 1584 2412 pratia
1608 2313 1710 2413 longe
1729 2313 1820 2389 mul·

291 2444 438 2534 tumque
462 2433 646 2508 antecellit.
698 2432 767 2505 His
790 2432 971 2531 praesidiis
991 2430 1162 2520 roborati,
1187 2457 1258 2507 non
1282 2432 1465 2531 fragilibus
1489 2434 1622 2508 catenis
1644 2434 1821 2533 indigent,

293 2557 354 2631 sed
387 2554 585 2629 firmissima
620 2551 831 2651 persuadent
857 2552 1106 2651 intelligentiae
1138 2559 1173 2625 et
1201 2552 1338 2625 virtutis
1362 2552 1586 2642 auctoritate,
1611 2577 1725 2653 neque
1748 2554 1823 2629 ani·

293 2698 410 2749 mosa
435 2698 472 2748 sa
498 2672 717 2760 abalienant,
744 2671 807 2745 sed
828 2671 896 2746 sibi
919 2671 1120 2746 devinciunt
1140 2677 1177 2744 et
1197 2670 1358 2745 dubitare
1380 2672 1556 2746 neminem
1579 2672 1699 2746 sinunt
1717 2672 1824 2772 quin,

294 2802 330 2869 et
356 2794 518 2892 Principe
547 2800 582 2866 et
609 2791 743 2867 civibus
769 2815 873 2866 suum
900 2792 1050 2890 quisque
1079 2801 1219 2865 strenue
1248 2783 1454 2891 agentibus,
1478 2815 1645 2891 generose
1666 2793 1825 2869 omnium

296 2912 341 2988 sit
367 2912 403 2986 in
430 2936 466 2987 ra
491 2912 631 3012 publica
659 2911 791 2986 tuenda
812 2911 1007 2987 aemulatio.
1061 2912 1160 2987 Haec
1182 2921 1301 2986 autem
1323 2911 1448 3010 quenti
1467 2911 1624 2987 facienda
1651 2922 1735 2987 sunt
1756 2937 1826 2988 neu

296 3032 402 3108 modo
433 3032 469 3106 in
501 3032 619 3132 regnis
643 3031 781 3108 infinita
808 3031 923 3107 adhuc
948 3038 1123 3133 potestate
1147 3031 1348 3122 utentibus,
1374 3055 1492 3107 verum
1518 3032 1624 3107 etiam
1647 3032 1684 3107 iu
1708 3033 1826 3110 cirita·

296 3151 410 3240 tibus,
443 3176 592 3249 quarum
618 3152 708 3227 cives
731 3152 780 3227 rei
803 3152 980 3252 gerundae
1004 3159 1088 3227 sunt
1110 3152 1314 3251 participes!
1352 3152 1425 3228 Hic
1453 3153 1564 3226 multa
1587 3160 1670 3226 sunt
1700 3154 1825 3230 multo·

295 3296 372 3347 rum
397 3272 474 3347 iura
497 3280 533 3347 et
554 3272 684 3362 officia;
710 3273 772 3347 sed
794 3273 832 3348 in
856 3274 1035 3348 humanae·
1046 3283 1193 3348 naturae
1214 3271 1450 3347 imbecillitate
1467 3272 1543 3346 fieri
1560 3297 1826 3372 nonnumquam

297 3393 476 3480 novimus,
508 3400 548 3468 ut
582 3392 637 3467 his
664 3393 781 3494 paullo
806 3393 1009 3492 diligentius
1035 3394 1094 3469 illa
1120 3401 1274 3468 mentem
1299 3392 1500 3481 advertant,
1525 3391 1594 3466 nisi
1615 3392 1703 3466 tome
1724 3417 1826 3492 quar-

299 3519 373 3600 tae,
408 3537 514 3611 quam
546 3512 688 3602 dicunt,
719 3514 903 3613 potestatis
936 3513 1045 3588 socios
1078 3513 1217 3613 excipis.
1268 3511 1358 3587 Aliis
1389 3517 1507 3585 autem
1530 3536 1612 3618 prae
1632 3512 1827 3589 incredibili

298 3631 429 3730 patriae
465 3657 581 3707 amore
614 3657 656 3707 eo
686 3658 951 3733 nonnumquam
983 3631 1137 3733 abreptis
1172 3640 1232 3722 ut,
1266 3655 1434 3732 quorsum
1460 3629 1546 3706 haec
1570 3656 1714 3707 evasura
1736 3633 1823 3725 sint,

298 3765 455 3844 metuas,
488 3779 576 3829 num
609 3755 706 3854 parvi
730 3755 868 3830 videtur
892 3754 1080 3842 momenti,
1105 3754 1222 3853 ipsum
1243 3752 1460 3851 Principem,
1485 3751 1586 3827 cuius
1607 3776 1735 3828 nomen
1760 3754 1825 3829 im·

235 3953 240 3957 ,
299 3872 436 3948 misceri
467 3873 776 3974 disceptationibus
803 3873 952 3975 publicis
979 3873 1077 3949 nefas
1101 3882 1172 3963 est,
1196 3871 1512 3960 excellentissimis,
1538 3897 1627 3971 quae
1650 3872 1825 3949 hominem

302 4002 444 4080 ornent,
479 3993 666 4070 virtutibus
698 3995 876 4071 aniversae
911 4002 1093 4093 acceptum
1131 3994 1365 4091 dilectumque
1398 4017 1474 4066 esse
1507 3993 1666 4068 nationi?
1704 3994 1744 4067 Si
1767 3995 1826 4070 cui

303 4097 431 4212 magna
464 4113 638 4212 postulare
672 4115 809 4206 videor,
847 4138 916 4190 non
950 4123 1028 4189 uter
1051 4113 1133 4188 trito
1156 4112 1216 4188 illo
1240 4114 1352 4187 ardua
1375 4138 1464 4213 quac
1480 4115 1648 4210 pulchra,
1672 4114 1735 4189 aed
1760 4114 1825 4190 boc

302 4232 535 4332 respondebo:
573 4235 604 4308 si
634 4258 869 4311 xnucrnourr
908 4235 1005 4310 licuit
1034 4258 1158 4309 crana
1192 4256 1296 4308 suum
1327 4233 1373 4308 ad
1406 4233 1554 4332 effigiem
1578 4232 1663 4308 iusti
1688 4233 1825 4334 imperii

305 4352 471 4442 scribere,
505 4353 593 4429 mihi
623 4381 725 4446 sane,
758 4356 933 4430 fictionem
958 4354 1136 4454 respuenti
1159 4352 1414 4453 excipientique
1434 4353 1558 4428 aetatis
1586 4378 1721 4445 vocem,
1747 4356 1825 4434 bor·

304 4471 370 4547 tari
397 4472 497 4561 licat,
530 4481 571 4548 ut
594 4473 639 4549 ad
664 4475 835 4574 praeclara
858 4499 1016 4574 quaeque
1036 4473 1210 4550 tendatur.
1260 4474 1308 4547 Et
1333 4473 1456 4549 horum
1482 4473 1625 4573 quidem
1646 4476 1825 4570 studium,

304 4601 439 4690 praeter
466 4592 691 4670 domesticam
714 4593 969 4684 condicionem,
993 4592 1239 4669 commendant
1257 4594 1362 4669 etiam
1379 4619 1439 4683 ae,
1464 4594 1648 4694 quesieris
1660 4606 1824 4696 aguntur.

304 4709 435 4787 Decem
472 4713 584 4788 exacti
618 4722 701 4789 sunt
732 4714 816 4790 anni
851 4714 897 4790 ab
933 4713 1055 4790 ultima
1089 4712 1237 4789 civitatis
1262 4713 1446 4789 Francicae
1472 4715 1701 4790 conversione.
1752 4714 1827 4793 Qui

305 4851 531 4906 usscnnounr
562 4856 608 4908 111
632 4832 818 4933 imperium
841 4839 1004 4910 semestra
1032 4833 1297 4933 praedixerunt,
1331 4833 1408 4910 falsi
1433 4833 1576 4910 luerunt
1597 4841 1702 4911 vates.
1751 4835 1829 4911 Nec
1972 4823 1975 4833 ¹
