4967 6175
673 654 716 725 rs
1221 654 1248 721 1.
1283 652 1320 717 a.
1345 649 1388 758 o.
1424 648 1644 719 novans

720 866 798 943 Iam
833 862 918 939 bueo
950 858 1088 960 singula
1119 865 1306 961 postquam
1338 854 1520 959 paullatim
1550 857 1589 933 in
1620 879 1732 934 unum
1758 856 1980 949 ooalueront,
2005 858 2056 935 ris
2076 861 2198 961 populi

672 982 820 1059 ooeroeri
848 979 953 1057 nullis
980 978 1088 1055 irenis
1108 977 1236 1079 potuit
1284 979 1377 1054 Tum
1398 976 1702 1053 vehementissima
1721 974 1782 1053 illa
1801 976 1919 1079 erupit
1940 979 2091 1056 oiritatis
2113 1004 2196 1059 eou-

673 1102 805 1195 sersio,
838 1124 928 1199 qnae
961 1099 1080 1201 legum
1114 1098 1252 1173 onoma
1284 1096 1442 1173 dissolvit
1471 1105 1508 1173 et
1536 1121 1676 1173 summa
1700 1096 1782 1173 imis
1810 1098 1952 1174 mismit
1973 1108 2011 1175 et
2032 1100 2197 1179 Franoiae

671 1221 759 1297 fines
787 1244 926 1322 egressa
957 1220 1125 1321 plurimas
1151 1218 1329 1319 quassavit
1356 1218 1516 1318 Europae
1537 1218 1708 1319 regionem
1756 1217 1952 1295 Horrendis
1976 1220 2059 1296 lieet
2079 1221 2196 1321 inqui·

671 1350 756 1417 nata
782 1339 944 1442 flagitiim
976 1339 1070 1415 bona
1096 1348 1214 1413 tamen
1235 1336 1409 1413 continuit
1435 1336 1534 1411 mabs
1557 1336 1679 1411 mixta.
1733 1334 1826 1411 Nam
1851 1360 1921 1412 non
1947 1338 2053 1415 modo
2076 1339 2195 1419 interi·

672 1466 749 1535 tum
771 1459 890 1535 attulit
910 1455 1151 1559 opinionibus,
1175 1453 1346 1530 institutis
1366 1464 1474 1552 atque
1492 1453 1806 1531 eonsuetudinibua
1826 1456 1900 1533 sola
1921 1467 2094 1535 vetustate
2115 1484 2196 1537 san·

672 1579 769 1671 eitis,
804 1602 924 1653 verum
956 1576 1061 1653 mom
1100 1573 1235 1649 semina
1270 1573 1357 1649 fovit
1389 1571 1543 1649 melioris
1582 1596 1699 1650 rerum
1734 1574 1968 1667 oondioionis,
2006 1580 2053 1654 ad
2088 1606 2196 1681 quam

673 1698 799 1774 deinde
830 1720 1030 1797 progressae
1062 1703 1146 1771 sunt
1169 1704 1302 1795 gentes.
1353 1694 1433 1770 Hoo
1457 1692 1605 1794 perspici
1629 1717 1700 1770 non
1721 1696 1877 1794 potuisse
1902 1697 2137 1777 saevientibus
2159 1702 2197 1779 in

672 1815 801 1893 uirium
825 1815 931 1893 vitam
953 1824 990 1891 et
1011 1838 1096 1915 opes
1115 1812 1316 1889 furibundis
1334 1816 1546 1914 demopms'e,
1570 1822 1607 1889 st
1632 1836 1934 1892 summersione
1950 1818 2199 1899 dominationis

672 1944 827 2037 tempore
861 1944 995 2011 mentes
1026 1932 1207 2010 bominum
1240 1934 1278 2009 in
1310 1933 1387 2009 aliia
1416 1933 1550 2009 defixas
1578 1932 1687 2009 luisse
1717 1935 2007 2034 eogitationibns,
2042 1942 2122 2039 quis
2144 1950 2199 2018 est

672 2058 734 2158 qui
768 2056 939 2132 miretur?
985 2054 1103 2145 Quid,
1137 2053 1233 2155 quod
1267 2078 1314 2129 ne
1345 2060 1517 2154 prostrato
1552 2052 1695 2153 quidem
1726 2062 1874 2154 tyranno
1897 2057 1945 2133 de
1966 2060 2200 2138 oonvmdmsis

670 2176 856 2253 Francicus
894 2174 1047 2274 pondere
1091 2173 1172 2248 viris
1208 2173 1360 2274 politicis
1393 2183 1430 2248 st
1470 2172 1650 2248 civitatum
1688 2173 1982 2273 gubernatoribus
2017 2182 2202 2257 oonatitit?

671 2298 803 2372 Exaole
837 2304 932 2371 aetas
962 2293 1168 2369 oensebatur
1197 2302 1377 2391 mmquam
1407 2316 1428 2366 e
1459 2290 1530 2365 vita
1553 2288 1681 2366 abiisse
1702 2292 1739 2367 in
1763 2292 1954 2373 historiam.
2003 2301 2113 2375 Aetas
2137 2301 2200 2379 ba·

672 2416 822 2491 bebatur
842 2414 1065 2490 confusionis.
1115 2415 1355 2512 Interruptum
1383 2410 1634 2512 aliquantisper
1658 2435 1735 2487 ease
1758 2413 1989 2512 perhibebant
2010 2418 2200 2519 pristinum

672 2554 787 2612 rerum
816 2536 991 2624 ordinem,
1023 2558 1129 2633 quom
1159 2534 1268 2634 igitur
1291 2533 1407 2608 looum
1430 2556 1536 2606 auum
1558 2556 1760 2632 recuperare
1780 2544 1968 2635 opomrat.
2002 2541 2120 2619 Quam
2144 2566 2201 2619 γε.

600 2646 603 2651 ’
673 2656 852 2733 hementer
870 2655 930 2730 isti
956 2661 1114 2729 errarunt
1135 2652 1302 2754 temporis
1323 2650 1501 2753 praeteriti
1521 2651 1673 2727 iudieeal
1699 2653 1842 2731 Nihilne
1863 2657 1973 2757 igitur
1995 2683 2055 2736 eoa
2078 2661 2201 2738 mmo·

672 2778 751 2853 nuit
780 2778 931 2877 flagrans
958 2775 1127 2851 libertatis
1157 2798 1274 2865 amor,
1303 2797 1376 2873 quo
1404 2772 1565 2873 Europae
1589 2773 1710 2874 populi
1734 2787 1955 2853 surrexerant
1976 2778 2013 2855 in
2036 2802 2199 2874 sarou-

674 2899 824 2973 annunt
860 2896 1005 2971 Adeone
1035 2896 1109 2970 lere
1138 2893 1251 2969 visum
1286 2902 1360 2982 eat,
1396 2893 1461 2968 bos
1491 2894 1637 2993 speretis
1668 2897 1928 2973 eontentionum
1955 2899 2129 2978 iruotibm
2163 2903 2202 2980 in

672 3027 881 3120 perpetuum
908 3016 1069 3114 privare?
1109 3013 1362 3113 Suspicamini,
1386 3012 1431 3086 Α.
1450 3013 1516 3100 A,
1541 3012 1628 3111 qmd
1651 3016 1808 3112 responsi
1834 3039 1856 3092 a
1882 3038 2049 3110 ausimo,
2074 3044 2097 3096 a
2119 3042 2204 3099 arr.

672 3157 831 3226 sossio,
864 3158 885 3210 a
919 3157 954 3208 e.
993 3153 1235 3208 nnuaonnnro
1265 3131 1479 3205 tulissemus.
1528 3129 1600 3204 Sed
1632 3130 1713 3221 olii,
1746 3134 1792 3208 ab
1814 3135 1899 3235 ipsis
1926 3143 2001 3212 toto
2022 3139 2119 3215 ooelo
2144 3143 2201 3217 di·

673 3263 805 3332 euntes
836 3261 872 3330 et
901 3252 1028 3353 partim
1059 3252 1129 3326 lide
1157 3273 1264 3352 quam
1296 3249 1438 3350 ingenio
1470 3249 1649 3339 meliores,
1683 3252 1812 3351 partim
1835 3255 2012 3332 ambitiosi
2031 3267 2068 3334 et
2090 3261 2201 3354 seiri,

673 3401 798 3454 manus
822 3375 918 3476 operi
939 3371 1177 3448 admoverunt.
1226 3370 1422 3470 inquibus
1445 3392 1744 3448 ummauronms
1766 3373 1835 3449 luit
1858 3384 1894 3451 st
1917 3376 2063 3453 aliarum
2088 3382 2198 3460 mala·

672 3521 750 3573 rum
781 3496 908 3572 artium
941 3503 1107 3593 patronus
1138 3499 1175 3566 et
1206 3515 1299 3568 anno
1324 3513 1553 3568 orosooooxrx
1579 3500 1701 3567 sudor
1726 3492 1932 3572 clandestini
1957 3498 2004 3573 ad
2027 3496 2199 3580 Thermas

673 3614 851 3695 Gerolinas
874 3621 1084 3700 conventus,
1109 3635 1181 3710 quo
1201 3609 1339 3685 unoula
1359 3616 1480 3707 parate
1503 3617 1605 3698 sunt,
1637 3634 1719 3687 mox
1741 3614 1958 3692 Frmoolmti
1983 3643 2065 3694 oum
2089 3620 2197 3700 bono·

671 3757 751 3810 rum
783 3732 941 3808 omnium
972 3730 1210 3830 indignatione
1237 3728 1444 3803 Germaniae
1472 3728 1623 3804 libertati
1643 3729 1769 3808 inieota
1791 3737 1835 3828 ι).
1883 3736 1979 3813 Huic
2007 3739 2077 3814 viro
2103 3742 2197 3818 eiua·

673 3877 742 3956 que
769 3852 988 3929 consiliorum
1018 3850 1118 3926 sooiis
1149 3849 1236 3924 nibil
1268 3849 1479 3924 intentatum
1504 3848 1700 3948 relinquere
1724 3852 1846 3941 risum,¹
1860 3864 1931 3946 est,
1967 3867 2008 3934 ut
2031 3859 2068 3934 in
2090 3862 2195 3939 Italia

672 3984 708 4050 et
739 3975 776 4050 in
808 3971 981 4074 Hispania
1007 3979 1044 4046 et
1073 3969 1287 4069 ubicumque
1313 3968 1483 4044 libertatis
1513 3969 1648 4045 munina
1671 3972 1943 4071 pullulaverant,
1974 3976 2059 4056 boen
2082 4005 2196 4080 qm.

713 4267 737 4351 ¹)
768 4273 829 4329 Aue
855 4267 913 4326 dea
936 4267 1010 4326 Jalr
1039 4269 1132 4337 lale,
1162 4264 1282 4339 Baitrap
1307 4282 1357 4323 zar
1384 4263 1539 4323 Deuteodea
1566 4261 1728 4324 Gmodiedte
1754 4285 1809 4326 ron
1835 4283 1864 4327 1..
1894 4283 1924 4327 n.
1950 4284 2071 4354 asemx,
2102 4273 2193 4334 leel.

673 4369 730 4430 :In
764 4363 855 4426 einem
885 4361 1051 4421 berdbmten
1083 4359 1204 4421 Badeort
1235 4359 1335 4418 sollten
1367 4357 1558 4420 rerabredeter
1588 4357 1703 4420 Masaen
1732 4357 1778 4421 dis
1807 4359 1938 4422 Minister
1966 4363 2044 4425 aiom
2071 4367 2192 4429 iolimen

618 4529 621 4534 ,
670 4457 845 4523 Mindemabl
874 4454 1020 4516 deutaober
1048 4455 1160 4514 Straton
1191 4453 1251 4514 sieb
1282 4453 1395 4530 aulillig
1424 4452 1518 4514 tration
1547 4453 1603 4515 nnd
1628 4455 1705 4516 dieas
1733 4456 1918 4534 Gelegsnbait
1943 4459 2085 4522 naturlieb
2111 4463 2193 4525 nieht

670 4556 820 4620 unbenuaat
847 4550 1058 4627 rorbbergeben
1078 4551 1178 4609 laaaem
1218 4547 1335 4608 Welobe
1352 4547 1447 4609 Irosde
1466 4547 1517 4610 dar
1533 4549 1715 4629 Vorsehnnpl
1746 4550 1978 4624 Sobrerkranke,
1998 4553 2044 4615 die
2063 4555 2124 4617 oieb
2142 4557 2192 4618 liar

669 4650 775 4732 gesund
802 4648 912 4720 balteo,
941 4647 1038 4707 stellen
1064 4643 1124 4706 siob
1144 4643 1233 4704 kranlr
1254 4644 1311 4704 und
1331 4642 1522 4725 improriairen
1544 4644 1607 4706 eine
1626 4645 1765 4708 Badskur.
1804 4646 1906 4708 usae
1925 4649 2051 4727 gareiebt
2070 4651 2191 4716 dimite

670 4747 751 4810 nieht
775 4743 861 4805 ibnen
889 4759 939 4803 aur
963 4741 1103 4819 Heilung,
1131 4739 1251 4801 aondern
1275 4739 1340 4801 dem
1362 4739 1504 4817 ssmnnden
1524 4739 1600 4801 volu
1619 4759 1682 4804 anm
1700 4741 1838 4804 Unbeil.”
1856 4761 1885 4826 p.
1907 4745 1936 4805 t.
1956 4775 1996 4794 σ-
2015 4745 2189 4823 umores,

674 4840 834 4904 mastusia
852 4839 899 4900 dee
918 4839 1099 4900 aasabim
1117 4837 1336 4910 adeladem,
1357 4835 1404 4909 11,
1428 4839 1485 4898 tet
1505 4853 1567 4918 sqq.

2435 5 2446 434 ¹
