4967 6175
676 620 717 683 96
1220 613 1647 684 1.n.c.u0vltus

674 832 789 899 metus
826 824 915 911 init,
952 846 995 897 na
1031 820 1133 897 hodia
1169 822 1259 921 patri
1294 832 1510 922 parentarem
1536 825 1578 915 ¹).
1628 821 1751 896 A‘lacer
1783 822 1875 895 enim
1907 821 2062 920 optimus
2091 844 2193 895 senex

675 952 748 1019 erat
781 952 817 1016 et
845 942 894 1016 ita
922 966 965 1016 ex
998 941 1200 1041 gravissimo
1235 942 1356 1017 morbo
1385 942 1624 1030 convaluerat,
1656 950 1715 1030 ut,
1739 941 1807 1016 nisi
1831 940 1962 1016 Medici
1988 940 2195 1015 dissuaserat

675 1060 878 1161 prudentia,
905 1061 1118 1137 sollennibus
1144 1061 1271 1137 nostris
1293 1062 1523 1137 interfuturus
1546 1062 1679 1137 luisset.
1730 1062 1777 1135 Et
1802 1062 1867 1137 bac
1892 1060 2036 1160 quidem
2066 1059 2194 1135 valetu-

674 1182 754 1255 dine
786 1181 869 1255 satis
896 1180 1076 1257 commoda
1111 1206 1194 1255 usus
1225 1191 1280 1257 est
1307 1207 1369 1282 per
1390 1208 1494 1258 omna
1518 1182 1589 1257 fere
1612 1181 1753 1257 aestatis
1775 1192 1811 1255 et
1837 1181 2018 1256 auctumni
2040 1190 2194 1278 tempus,

674 1324 809 1399 semper
831 1302 867 1375 in
890 1300 1037 1400 legendo
1061 1310 1123 1375 aut
1146 1300 1329 1376 scribendo
1349 1310 1538 1401 occupatus
1561 1311 1597 1375 et
1623 1325 1814 1399 numquam
1839 1300 1956 1374 minus
1977 1299 2070 1373 solus
2090 1324 2195 1397 quam

675 1445 785 1520 quum
820 1421 913 1495 solus
948 1430 1031 1495 erat.
1084 1422 1126 1493 In
1158 1445 1356 1495 sermonum
1382 1430 1499 1495 autem
1528 1420 1711 1495 dulcedine
1734 1430 1770 1494 et
1794 1419 1961 1494 varietate
1986 1419 2088 1493 amici
2112 1417 2197 1492 nihil

674 1542 745 1616 sera
780 1541 1001 1641 requirebant
1033 1564 1172 1627 eorum,
1209 1540 1340 1639 quibus
1365 1539 1423 1615 ille
1452 1564 1514 1639 per
1537 1548 1646 1613 totam
1674 1538 1779 1613 vitam
1803 1540 1992 1613 multorum
2016 1563 2077 1613 ora
2101 1539 2137 1612 in
2162 1562 2197 1612 se

674 1662 850 1736 convertit.
910 1660 1008 1734 Haeo
1042 1682 1213 1758 quaenam
1244 1660 1393 1746 fuerint,
1426 1660 1545 1758 ecquis
1577 1659 1704 1734 civium
1732 1658 2004 1733 Traiectinorum
2035 1658 2198 1757 ignorat?

676 1780 744 1855 Sed
779 1804 849 1879 quo
883 1779 992 1878 pluris
1027 1804 1068 1852 aa
1100 1780 1204 1866 fiant,
1240 1780 1438 1853 meminisse
1471 1804 1535 1853 nos
1570 1785 1706 1877 oportet
1737 1778 1848 1866 illius,
1879 1803 1984 1876 quem
2009 1786 2197 1865 ornarunt,

676 1900 786 1976 initia.
837 1897 944 1977 Quod
965 1920 1209 1973 nrnuwnsrrno
1229 1906 1265 1972 et
1285 1922 1456 1973 noscano
1480 1899 1603 1987 cessit,
1628 1907 1667 1971 ut
1689 1922 1727 1971 se
1745 1898 1792 1972 ad
1810 1898 1939 1972 maiora
1961 1905 2061 1972 natos
2082 1904 2198 1970 osten·

675 2021 796 2094 derant
822 2041 928 2115 quam
957 2018 1007 2089 rei
1041 2016 1219 2090 familiaris
1246 2017 1427 2116 angustiae
1452 2018 1631 2105 ferebant,
1656 2016 1751 2091 haud
1780 2016 1960 2091 dissimilia
1985 2036 2197 2091 sonansuur

675 2138 773 2212 initia
808 2137 960 2210 luerunt.
1021 2134 1229 2210 Parentibus
1266 2136 1367 2211 bonis
1398 2146 1434 2211 et
1467 2137 1534 2235 piis
1572 2148 1707 2211 mature
1739 2137 1901 2224 orbatus,
1938 2135 2055 2209 inritis
2090 2158 2198 2233 paene

674 2256 853 2356 cognatis,
879 2254 1076 2353 impetravit
1101 2254 1201 2329 utin
1229 2255 1448 2355 disciplinam
1471 2256 1664 2330 traderetur
1684 2256 1876 2355 Chirurgo,
1900 2256 2002 2330 cuins
2029 2254 2199 2329 tonstrina

675 2386 711 2451 et
744 2374 879 2451 modica
910 2375 994 2449 artis
1019 2373 1227 2449 factitandae
1253 2374 1406 2473 supellex
1435 2376 1596 2465 alumno,
1622 2376 1651 2450 si
1675 2400 1749 2450 rem
1775 2388 1915 2451 strenue
1938 2384 2075 2475 ageret,
2101 2375 2198 2449 futu·

674 2522 747 2571 ram
784 2494 872 2569 vitae
907 2493 1144 2569 condicionem
1172 2496 1368 2595 praesagire
1391 2494 1608 2569 videbantur.
1659 2496 1782 2571 Officio
1806 2522 1870 2571 suo
1890 2495 2111 2583 adolescens,
2138 2494 2200 2593 qui

674 2640 761 2715 puer
781 2624 916 2714 praeter
934 2614 1074 2713 linguae
1095 2611 1280 2687 Francicae
1308 2613 1565 2688 elementa-vix
1590 2612 1783 2712 quidquam
1810 2621 2008 2714 perceperat
2019 2633 2035 2701 ,·
2056 2611 2200 2686 minime

675 2734 806 2823 deluit,
843 2741 1051 2833 tantumque
1087 2731 1229 2820 didicit,
1267 2741 1307 2806 ut
1341 2734 1464 2809 aetatis
1498 2758 1590 2808 anno
1625 2742 1724 2808 sexto
1755 2732 1889 2807 decimo
1925 2733 1962 2807 in
1994 2732 2200 2806 nosocomiis

676 2852 964 2929 Harlemensibus
1001 2851 1209 2928 militaribus
1242 2852 1388 2927 multam
1419 2861 1456 2926 et
1487 2852 1608 2927 utilem
1637 2877 1778 2951 operam
1806 2852 1986 2950 praeberet
2014 2851 2201 2926 vulneratis

676 2974 815 3071 Anglici
852 2980 888 3047 et
919 2972 1059 3046 Russici
1084 2972 1255 3045 exercitus
1280 2970 1460 3045 militibus.
1511 2973 1565 3044 Ex
1585 2972 1649 3045 bac
1669 2972 1838 3067 palaestra
1863 2970 2079 3045 exercitatior
2100 2972 2201 3045 dece·

678 3093 763 3166 dens
785 3101 821 3166 et
843 3091 974 3164 interea
996 3089 1112 3165 oblatu
1136 3095 1267 3163 veteres
1289 3087 1426 3186 linguas
1444 3086 1646 3163 addiscendi
1664 3089 1923 3187 opportunitate
1939 3099 2079 3163 strenua
2094 3114 2203 3178 usus,

678 3209 857 3311 paullatim
889 3209 1019 3284 maiora
1049 3209 1166 3285 animo
1192 3206 1325 3281 volvere
1349 3206 1463 3306 eoepit
1485 3207 1696 3306 omninoque
1724 3215 1862 3305 optare,
1896 3216 1936 3282 ut
1959 3231 2115 3282 summos
2137 3207 2203 3282 ali·

680 3331 821 3431 quando
834 3330 870 3403 in
886 3327 1062 3403 Medicina
1078 3328 1224 3403 honoras
1238 3334 1515 3423 consequeretur.
1541 3326 1661 3400 Huius
1675 3326 1725 3400 rei
1737 3351 1842 3401 cansa
1857 3351 1948 3401 anno
1962 3350 2204 3417 crorccccvn,

679 3451 776 3525 initis
796 3450 864 3525 iam
891 3446 1023 3546 nuptiis
1044 3470 1124 3522 cum
1149 3446 1333 3544 Euangelii
1352 3446 1390 3520 in
1410 3454 1512 3520 coetu
1539 3445 1731 3520 Wallonioo
1754 3444 1976 3519 Harlemensi
1998 3446 2203 3544 Interpretis

681 3574 813 3646 emeriti
845 3569 936 3655 filia,
970 3567 1178 3642 Academiae
1191 3566 1419 3641 ‘Traiectinaa
1442 3565 1577 3641 civibus
1601 3566 1797 3665 adscriptus
1818 3573 1872 3639 est
1898 3567 2095 3642 Medicinae
2122 3569 2202 3640 Stu-

681 3691 803 3762 diorua.
854 3686 944 3759 Tum
978 3708 1048 3758 non
1084 3684 1146 3758 diu
1182 3684 1285 3758 latuit
1314 3708 1513 3759 ιιιιιιιιιιιιι
1537 3707 1746 3774 nnnusrnn,
1772 3683 1915 3759 Ordinis
1939 3684 2071 3758 Medici
2096 3687 2203 3760 decus

682 3807 817 3906 insigne
847 3813 883 3878 et
908 3828 986 3878 vero
1012 3827 1126 3878 aorem
1153 3802 1373 3902 ingeniorum
1398 3803 1558 3880 iudicem.
1610 3803 1893 3878 curculionum
1918 3802 1999 3878 duci
2020 3805 2202 3903 praecipuo

683 3928 735 4020 ita
753 3947 955 4024 progressus
980 3947 1062 3997 suos
1086 3922 1262 4021 probavit,
1289 3932 1329 3997 ut
1351 3923 1409 3997 iila
1428 3946 1519 3998 anno
1534 3922 2201 4021 huiusseculinoncaeutissimodispu-
2294 3969 2300 3976 ·

685 4045 823 4120 tationis
853 4041 1230 4140 Medico-Chirurgicao
1257 4042 1414 4140 scriptori
1440 4045 1494 4134 ²),
1530 4041 1616 4117 nihil
1642 4042 1842 4118 huiusmodi
1864 4043 2096 4142 exspectanti,
2126 4043 2203 4115 Me·

686 4164 817 4238 dicinae
840 4162 1048 4236 cathedram
1073 4161 1110 4235 in
1133 4160 1323 4258 Academia
1343 4161 1640 4250 Harderovicena,
1665 4162 1830 4236 sexennio
1853 4162 2105 4261 postmultum
2130 4161 2204 4236 lan·

730 4500 756 4576 1)
786 4499 968 4560 Bassianus
992 4515 1170 4560 nansciscus
1191 4514 1348 4572 suaeuis,
1378 4501 1582 4575 Harlemanais,
1610 4509 1691 4564 ιιιιιιιι
1709 4510 1751 4565 est
1771 4504 1799 4567 d.
1818 4521 1849 4566 rr
1871 4503 1935 4566 Oct.
1955 4518 2203 4574 momounmm,

690 4597 760 4658 obiit
782 4597 811 4656 d.
832 4613 867 4656 ιιι
888 4595 971 4656 Febr.
992 4612 1194 4656 crorocccnxn.

728 4693 756 4766 ¹)
787 4691 860 4752 Dias.
886 4689 918 4750 de
948 4690 1079 4750 Araem'cr'
1103 4690 1133 4749 ιἰι
1159 4708 1259 4766 corpur
1278 4693 1418 4749 tumusm
1437 4692 1577 4766 effectibus
1595 4694 1706 4771 eiseqm
1725 4715 1790 4766 aas,
1817 4696 1897 4756 todia
1916 4699 2065 4769 celebrato,
2085 4694 2206 4764 medico,
2291 4763 2295 4770 .

688 4789 853 4862 precamine
874 4787 912 4846 cd
933 4785 1131 4862 Ocrduomatia
1149 4787 1323 4845 curatiorem.
1344 4784 1419 4846 Trai.
1440 4787 1473 4845 ad
1494 4787 1551 4848 ltu.
1574 4791 1661 4849 laos.
