4967 6175
697 697 760 764 136
1245 691 1270 757 l.
1306 687 1344 757 A.
1379 688 1414 758 C.
1448 688 1670 758 ROVERS

696 901 853 1004 possint?
899 898 997 979 Quid
1030 896 1218 986 dubitatis,
1254 897 1396 971 iuvenes
1430 885 1692 982 Nederlaodiei,
1727 918 1771 968 ex
1805 894 1891 994 ipsis
1922 895 2065 972 sedibus
2096 898 2221 974 vestris

696 1023 870 1098 intuentes
902 1019 939 1092 in
971 1018 1102 1094 avitum
1138 1016 1346 1094 Academiae
1379 1016 1597 1115 symbolum,
1627 1016 1665 1091 in
1688 1013 1805 1089 Solem
1827 1015 1927 1090 illum
1950 1018 2132 1108 Iustitiae,
2157 1021 2222 1119 qni

697 1166 756 1217 vos
779 1140 950 1215 illustrare
969 1138 1094 1246 gestit!
1130 1137 1174 1212 Iu
1197 1144 1309 1212 vestro
1334 1135 1467 1211 Ordine
1488 1134 1645 1210 nondum
1664 1133 1810 1224 desunt,
1836 1135 1898 1234 qui
1918 1137 2087 1212 maiorum
2110 1139 2223 1214 instar

697 1283 834 1335 summa
865 1283 930 1357 ope
965 1259 1145 1344 nituntur,
1170 1254 1314 1330 domum
1338 1264 1379 1330 ut
1403 1279 1490 1354 rope
1517 1261 1767 1352 superstruant.
1817 1255 1888 1328 Sed
1912 1254 2015 1330 vultis
2038 1258 2220 1356 exempla,

696 1378 825 1478 quibus
857 1378 1027 1452 dictorum
1059 1375 1145 1449 fides
1179 1376 1412 1450 confirmetur.
1473 1375 1565 1449 Haec
1598 1372 1692 1447 uude
1720 1375 1864 1471 petam?
1908 1373 1964 1447 Ab
1987 1373 2050 1464 iis,
2079 1375 2143 1474 qui
2166 1375 2221 1449 his

697 1499 852 1598 quinque
890 1495 1008 1570 lustris
1040 1519 1083 1570 ex
1115 1493 1324 1569 Academiae
1357 1493 1478 1592 spatiis
1504 1493 1540 1566 in
1569 1492 1674 1568 vitam
1700 1490 1876 1590 publicam
1900 1492 2070 1582 traducti,
2104 1502 2219 1593 partes

698 1643 777 1694 suas
802 1617 934 1692 lortiter
961 1623 996 1690 et
1021 1638 1101 1688 cum
1127 1614 1298 1688 bonorum
1325 1613 1483 1687 omnium
1507 1611 1754 1711 approbatione
1776 1636 1879 1710 agere
1898 1625 2106 1710 coeperunt,
2133 1640 2218 1713 quo·

696 1761 844 1834 rumque
869 1733 1113 1809 nonneminem
1137 1732 1193 1808 bie
1215 1733 1336 1807 adesse
1356 1732 1533 1830 suspicor?
1570 1730 1723 1806 Puderet
1743 1754 1799 1805 me
1824 1738 1940 1805 mutae
1960 1732 2218 1833 impudentiae,

697 1865 737 1945 ut
762 1880 970 1954 quemquam
998 1878 1137 1940 eorum,
1163 1851 1224 1950 qui
1247 1851 1310 1925 hac
1332 1852 1423 1925 vitae
1445 1850 1716 1939 lueelruuntur‚
1740 1850 1776 1924 in
1796 1876 1835 1924 ca
1856 1851 2043 1927 laudarem.
2095 1857 2219 1954 Itaque

697 1973 908 2050 instantibus
935 1973 1031 2048 vobis
1054 1982 1089 2046 et
1115 1972 1321 2071 urgentibus
1347 1971 1415 2046 alio
1442 1970 1545 2046 modo
1569 1969 1775 2046 satisfaciam
1802 1981 1839 2044 et
1864 1971 2089 2069 persuadebo.

746 2212 875 2286 Alteris
909 2209 1119 2286 Academiae
1152 2218 1289 2285 nostrae
1317 2209 1548 2297 secularibus,
1575 2208 1717 2283 interlui
1740 2209 1952 2283 sollennibus
1978 2209 2066 2299 illis,
2091 2213 2219 2310 quibus

697 2359 787 2408 more
819 2335 979 2405 arciorem
1013 2338 1047 2403 et
1077 2329 1136 2404 alii
1168 2330 1298 2429 egregii
1330 2331 1473 2404 iuvenes
1507 2331 1674 2403 Doctores
1707 2339 1791 2402 scut
1821 2329 1928 2403 creati
1952 2339 1988 2402 et
2022 2331 2218 2406 Matheseos

697 2451 867 2550 Magister
889 2448 1129 2546 Philosophiae
1151 2449 1318 2524 naturalis
1340 2450 1469 2524 Ductor
1491 2449 1713 2524 renunciatus
1738 2459 1791 2522 est
1811 2471 2033 2522 efflxauona
2056 2472 2217 2528 canonos

699 2594 921 2646 normannos
957 2591 1140 2643 sumansu.
1192 2568 1284 2656 Hic,
1320 2567 1413 2643 lilius
1445 2591 1660 2644 soaausruu
1692 2567 1801 2643 nostri
1826 2575 1911 2641 natu
1937 2567 2068 2658 minor,
2099 2571 2247 2651 aetatis,

670 2716 789 2767 fanno
822 2699 919 2764 sesto
953 2689 1087 2764 decimo
1117 2687 1251 2763 civibus
1275 2687 1492 2764 Academicis
1517 2687 1711 2785 adscriptus
1739 2695 1793 2761 est
1815 2687 2012 2762 Medicinae
2035 2691 2221 2766 Studioaua

661 2818 664 2824 '
696 2815 730 2886 A
762 2835 890 2911 puero,
927 2815 1065 2884 auctore
1102 2815 1219 2907 patre,
1254 2808 1385 2907 optime
1416 2807 1600 2883 institutus
1630 2806 1797 2883 continuo
1827 2805 2005 2904 probavit,
2040 2833 2098 2897 se,
2128 2811 2221 2908 quod

697 2931 816 3019 vellet,
842 2930 927 3004 velle
951 2929 1093 3003 fortiter.
1144 2927 1215 3002 Sed
1238 2927 1324 3028 quid
1349 2928 1471 3015 vellet,
1506 2927 1634 3002 multos
1657 2925 1909 3002 commilitones
1938 2926 2079 3004 latebat.
2130 2931 2221 3005 Nam

697 3051 837 3126 futurus
862 3049 1022 3125 Medicus
1048 3047 1180 3123 nemini
1203 3046 1368 3147 cuiquam
1390 3045 1536 3123 cedebat
1556 3070 1673 3122 amore
1699 3045 1895 3122 Literarum
1919 3044 2163 3126 humaniorum
2187 3060 2222 3124 et

697 3169 998 3268 disquisitionibus
1019 3165 1232 3266 philosophis
1255 3166 1354 3241 valde
1369 3165 1616 3241 delectabatur.
1643 3166 1849 3241 Hsosorurr
1865 3174 1902 3241 et
1916 3176 2221 3244 senatoriam-

697 3315 776 3365 eara
798 3288 884 3363 mihi
903 3287 1113 3362 nomina-
1136 3287 1292 3386 impense
1315 3285 1461 3363 colebat.
1511 3286 1703 3385 Utriusque
1726 3294 1800 3360 tam
1827 3285 1864 3360 in
1892 3286 2034 3387 privatis
2058 3312 2164 3388 quam
2185 3291 2222 3362 in

659 3398 661 3403 ’
696 3408 844 3507 publicis
879 3406 1002 3481 scholis
1038 3406 1229 3505 discipulus
1265 3406 1449 3494 assiduus,
1489 3406 1746 3481 sollertissimus
1786 3405 2100 3507 dilectissimusque
2136 3420 2219 3484 erat.

697 3528 741 3601 Iu
774 3526 905 3625 poetis,
943 3523 1111 3599 historicis
1147 3534 1182 3599 et
1216 3525 1415 3599 oratoribus
1449 3524 1610 3612 Graecis,
1645 3524 1682 3598 in
1714 3548 1880 3600 carnosa
1908 3526 1994 3600 adeo
2021 3553 2066 3601 ne
2094 3528 2219 3627 hospes

698 3655 808 3732 esset,
845 3644 1027 3740 diligenter
1060 3642 1211 3717 carebat.
1263 3644 1320 3717 Sic
1363 3643 1444 3717 licet
1483 3644 1530 3717 ad
1564 3666 1824 3719 arcrocarrau
1858 3646 2002 3721 interius
2034 3647 2221 3746 ahquandc

699 3761 965 3861 intelligendum
993 3759 1150 3835 nonnihil
1176 3761 1374 3859 proficeret,
1402 3762 1529 3837 multas
1554 3773 1670 3838 tamen
1699 3765 1807 3839 bonas
1833 3765 1934 3840 horas
1958 3790 2156 3843 consumere
2182 3770 2219 3843 iu

700 3880 820 3957 alienis
849 3878 1062 3955 censebatur.
1124 3879 1194 3953 Sed
1218 3879 1305 3979 quid
1332 3881 1437 3956 facias
1458 3925 1507 3938 -
1527 3882 1641 3981 lepide
1667 3883 1806 3959 aiebant
1830 3886 1999 3961 acutiores
2022 3932 2073 3949 -
2097 3888 2220 3983 iurene

699 3998 839 4099 optimis
879 4022 900 4073 a
934 4006 1057 4072 natura
1093 3996 1279 4072 virtutibus
1320 3999 1498 4098 praedita,
1535 4000 1704 4100 cuiusque
1743 4004 1946 4079 insatiabihs
1982 4016 2037 4080 est
2067 4007 2222 4083 discendi

701 4120 802 4195 sitis?
842 4162 891 4175 —-
925 4118 1015 4193 Cum
1051 4116 1276 4194 humanitatis
1315 4120 1496 4219 disciplina
1530 4144 1771 4197 sunausuuos
1800 4124 2034 4224 coniungebat
2065 4129 2221 4202 studium

701 4237 961 4335 disciplinarum
989 4235 1221 4336 physicarum.
1278 4240 1321 4313 In
1349 4240 1412 4314 has
1436 4250 1554 4315 autem
1581 4249 1676 4315 tanto
1700 4242 1925 4318 incumbebat
1948 4246 2089 4336 ardore,
2113 4248 2156 4322 iis
2181 4260 2220 4322 ut

700 4364 815 4431 totum
836 4380 872 4429 se
892 4355 1100 4455 penitusque
1125 4357 1316 4433 traditurus
1335 4384 1411 4435 esse
1435 4360 1618 4435 videretur.
1653 4361 1899 4461 Quamquam,
1927 4365 2092 4461 quicum
2114 4368 2221 4466 probe

701 4481 844 4563 norant,
881 4498 918 4548 se
948 4472 1043 4548 haud
1063 4474 1159 4575 *scire
1189 4474 1370 4564 dixerunt,
1403 4500 1448 4551 an
1481 4484 1557 4550 tum
1589 4477 1658 4551 iam
1693 4480 1925 4579 suspicaretur
1955 4482 2219 4582 Hippocraticae

700 4593 795 4695 apud
829 4615 1023 4668 sacrosan
1058 4594 1087 4687 ¹)
1123 4594 1312 4669 sententiae
1344 4596 1601 4671 auctoritatem:
1639 4622 1768 4673 enemo
1792 4599 1861 4675 veri
1886 4601 2036 4693 nominis
2057 4604 2216 4680 Medicus

742 4856 768 4931 ¹)
795 4826 916 4917 resae.
937 4854 970 4915 c.
992 4860 1040 4915 ss.
