4967 6175
913 676 1195 747 oestro.
1772 678 1820 750 88

293 885 411 988 psello
434 884 627 963 emuretius
652 882 845 974 disserent,
869 907 914 959 ne
936 884 1023 961 bueo
1045 884 1210 985 quidem:
1236 928 1288 949 -
1310 886 1357 963 eb
1377 886 1585 987 opinionum
1611 885 1819 965 oommeatis

291 1006 399 1108 probe
429 1003 599 1105 distingui
620 1010 779 1104 oportere
805 1002 934 1077 indieie
956 1009 1121 1093 aetuoso,
1153 1002 1309 1077 fluminis
1328 1028 1472 1080 eursum
1498 1003 1689 1105 prudemer
1710 1002 1817 1105 diripi

288 1150 410 1227 posse,
445 1125 479 1201 ei
510 1123 626 1201 resisti
649 1148 721 1199 non
746 1146 867 1223 posse;
900 1120 1037 1197 iuribus
1066 1121 1260 1198 erotissime
1288 1122 1409 1199 iuncte
1431 1147 1508 1199 esse
1530 1124 1663 1214 officie3
1686 1131 1724 1199 et
1744 1123 1815 1201 alia

288 1244 510 1335 briusmodi,
543 1244 583 1321 in
610 1244 741 1345 quibus
773 1241 870 1319 bend
903 1266 981 1317 raro
1015 1265 1096 1317 oum
1122 1240 1220 1341 gravi
1246 1252 1408 1342 peoeetur
1432 1244 1623 1319 multorum
1648 1242 1815 1320 dedeeore

289 1373 325 1443 et
353 1364 574 1440 celemitetei
631 1364 702 1438 Sed
731 1387 797 1462 ego
830 1361 896 1438 etsi
923 1386 1038 1461 neque
1073 1361 1181 1439 elium
1217 1386 1432 1462 quemquam
1467 1388 1531 1439 neo
1564 1386 1644 1441 veto
1666 1370 1813 1441 memet·

288 1484 404 1585 ipsum
431 1483 571 1584 egregie
593 1482 726 1583 privare
757 1481 860 1557 velim
890 1481 1091 1581 discipline,
1122 1481 1260 1580 gaudeo
1286 1489 1403 1556 temen
1429 1482 1607 1558 Orationis
1627 1506 1813 1583 argumen·
1941 1496 1946 1506 ’

287 1611 367 1680 tum
396 1629 418 1681 e
452 1628 509 1679 me
538 1603 731 1703 postulone,
761 1626 838 1677 eom
862 1608 902 1676 nt
925 1602 1110 1702 praecipue
1133 1600 1375 1701 optimatibus
1394 1610 1434 1677 et
1453 1603 1636 1678 civitatum
1658 1601 1814 1677 Rectori·

288 1723 357 1798 bns
391 1722 642 1799 commendem.
691 1722 749 1795 Sio
779 1720 874 1797 enim
904 1721 1044 1821 publioe
1081 1720 1275 1821 signifloere
1306 1720 1406 1811 lieet,
1440 1723 1564 1821 quenti
1588 1748 1648 1800 eos
1675 1721 1811 1798 ieeiem.

288 1845 389 1924 Quos
417 1849 536 1917 autem
572 1840 675 1929 eolis,
712 1839 766 1914 his
787 1838 873 1940 quid
900 1840 1028 1914 mirum
1053 1838 1083 1913 si
1109 1838 1443 1939 praestantissimum
1468 1840 1672 1941 magistram
1694 1840 1744 1917 ite
1768 1865 1812 1916 er

287 1961 404 2039 animo
435 1968 595 2060 exoptas,
632 1968 673 2034 ut
700 1958 831 2033 nemini
855 1957 1120 2034 vehementius?
1155 1959 1277 2034 Habet
1300 1970 1420 2034 autem
1445 1959 1530 2034 haee
1551 1960 1719 2059 magistre
1743 1959 1813 2057 pri·

287 2106 386 2157 mum
421 2078 537 2155 neseio
573 2078 660 2179 quid
690 2076 907 2153 submolesti.
957 2080 1051 2153 Nam
1079 2103 1199 2155 reeens
1227 2079 1380 2157 edvenae
1406 2102 1477 2155 non
1507 2079 1658 2170 delenit,
1681 2077 1812 2155 blanda

286 2200 409 2290 verba,
441 2197 571 2299 quibus
600 2197 636 2271 in
663 2222 784 2272 eorum
809 2197 966 2273 animum
990 2222 1027 2273 se
1050 2196 1225 2288 insinuet,
1248 2197 1456 2297 plerumque
1478 2198 1630 2298 spernit,
1655 2198 1810 2298 eoepiue·

286 2344 355 2421 quo
386 2326 422 2395 et
451 2318 528 2418 ipsa
558 2315 670 2391 utitur
698 2315 809 2391 ironia
841 2323 878 2391 et
917 2314 1002 2391 elios
1035 2315 1160 2391 invitat
1194 2314 1241 2391 ed
1271 2315 1469 2392 ridendum.
1521 2318 1624 2398 Ques
1652 2314 1811 2393 nonnulli

285 2438 473 2540 aegerrime
501 2437 670 2527 ferentes,
701 2437 777 2511 eius
798 2436 1087 2512 consuetudinem
1113 2460 1220 2536 quem
1245 2434 1399 2537 primum
1423 2434 1535 2511 velere
1556 2436 1691 2513 iubent.
1740 2436 1807 2513 Pa·

284 2584 364 2635 rnm
385 2567 488 2634 reete.
538 2558 577 2633 Si
603 2556 697 2633 enim
729 2581 868 2657 egenus
890 2564 926 2631 et
948 2556 1067 2656 proevi
1090 2564 1126 2631 et
1150 2579 1239 2657 quae
1263 2577 1334 2631 non
1360 2554 1508 2630 fecimus
1529 2555 1622 2656 ipsi''
1645 2580 1723 2631 eem
1747 2580 1809 2631 eu·

283 2679 478 2755 otoritetem
497 2683 534 2752 et
554 2674 846 2751 existimationem
875 2675 1029 2750 oonlerre
1049 2674 1247 2765 desierunt,
1271 2700 1343 2775 qua
1364 2674 1448 2751 olim
1471 2676 1611 2775 gloriari
1635 2675 1734 2751 lieuit
1752 2674 1809 2753 lu·

282 2822 460 2876 mosenum
484 2796 680 2897 imaginum
704 2794 914 2885 heredibus,
939 2818 1055 2870 nonne
1077 2801 1230 2894 praestet
1255 2792 1388 2869 discere
1409 2818 1492 2869 eum
1519 2794 1678 2870 molestie
1701 2818 1810 2894 quem

282 2917 415 2993 invidie
447 2914 634 2991 consumi?
680 2915 841 3014 Quippe,
879 2913 1061 2989 evidemus
1090 2914 1214 3002 istem,
1247 2913 1433 3018 inquiunt,
1465 2938 1509 2989 ex
1539 2938 1648 2989 ooeno
1673 2911 1811 3014 plebeio

282 3035 482 3135 emergendi
513 3034 713 3110 fecilitetem
746 3032 888 3108 indies
921 3042 1150 3109 crescentem:
1183 3032 1341 3109 videmus
1374 3033 1543 3132 superbos
1568 3033 1645 3109 illos
1676 3031 1811 3133 vaporis

282 3155 401 3232 etmiei
425 3162 657 3254 procreatores
678 3152 717 3228 in
742 3153 900 3228 sestertio
920 3153 1071 3243 eenties,
1095 3151 1133 3227 in
1159 3153 1244 3227 selle
1271 3151 1408 3242 emuli,
1431 3153 1469 3228 in
1492 3152 1644 3228 consiliis
1665 3177 1808 3252 regume

283 3274 449 3349 eudimus
481 3297 580 3348 voees
613 3296 752 3362 eorum,
787 3272 849 3373 qui
885 3272 1102 3348 oontendunt
1135 3271 1392 3346 institutionem
1424 3272 1576 3348 medium
1606 3280 1678 3348 tem
1705 3295 1812 3371 parvo

283 3417 361 3468 aere
394 3392 607 3494 pauperibus
643 3405 800 3468 oonstare
836 3399 1013 3490 oportere,
1050 3399 1090 3467 ut
1122 3392 1248 3466 horum
1277 3414 1417 3490 quoque
1443 3391 1544 3465 liberi
1566 3391 1603 3464 in
1627 3389 1810 3466 hominum

282 3513 396 3589 lucem
419 3512 564 3615 proferri
591 3513 743 3613 possint:
770 3512 854 3587 beeo
878 3511 1034 3586 animum
1057 3509 1263 3586 exedunt!”
1297 3510 1367 3585 Sed
1387 3510 1557 3586 meberele
1573 3509 1669 3585 houd
1685 3510 1810 3588 enede-

281 3640 376 3723 rent,
413 3633 444 3707 si
475 3657 497 3709 e
530 3631 697 3730 magistre
729 3655 798 3706 non
831 3630 1023 3706 discessum
1060 3638 1162 3706 esset.
1219 3631 1304 3730 lpse
1334 3629 1428 3703 enim
1462 3655 1573 3728 quum
1605 3638 1811 3709 montense

283 3752 379 3828 renis
398 3750 622 3852 opinionibus
646 3749 879 3842 liberavisset,
904 3750 970 3825 hoe
993 3748 1167 3826 attidisset
1190 3756 1228 3824 et
1252 3747 1393 3848 penitus
1413 3748 1694 3848 perspiciendum
1710 3773 1808 3848 pree·

282 3870 434 3961 buisset,
466 3869 594 3946 nostris
628 3868 847 3968 temporibus
878 3868 967 3944 nibil
994 3866 1103 3944 alliud
1127 3866 1370 3967 Optimetibns
1395 3869 1567 3969 relinqui,
1590 3869 1659 3946 uisi
1679 3876 1720 3945 ut
1742 3869 1807 3946 eei·

282 3992 395 4067 entim
417 3999 595 4091 opponant
617 3990 810 4066 seientiam.
860 3990 903 4062 In
936 3988 1025 4063 bano
1048 3987 1078 4062 si
1100 3987 1329 4078 incumbunt,
1354 3987 1580 4087 sibimetipsis
1603 4012 1644 4063 ee
1665 4013 1805 4087 eompu-

281 4119 382 4198 rent,
406 4109 535 4210 quibus
559 4108 661 4185 hodie
682 4109 770 4185 libre
791 4107 829 4182 in
849 4107 992 4182 alterem
1014 4115 1148 4206 partem
1171 4106 1292 4206 vergit.
1340 4107 1389 4183 Et
1410 4107 1535 4207 quidni
1557 4107 1690 4208 ingenii
1705 4107 1805 4184 oaltu

282 4251 319 4304 se
351 4227 593 4306 commendare
623 4229 825 4316 studerent,
856 4225 1104 4327 preeeuntibus
1125 4227 1220 4325 epud
1243 4226 1379 4326 Angloe
1401 4225 1696 4302 nobilissimerum
1718 4249 1803 4327 gen·

282 4347 371 4424 tium
396 4349 519 4441 sociis,
542 4348 629 4449 quin
650 4348 688 4424 in
715 4348 791 4448 ipse
814 4347 943 4422 Russia
970 4346 1065 4421 bend
1085 4347 1206 4446 pensis
1228 4372 1273 4422 ea
1293 4347 1418 4422 οοᾱοιιι
1439 4346 1560 4422 ordine
1581 4345 1664 4422 viris
1680 4347 1804 4424 eodem

280 4468 506 4544 tendentibus
529 4493 739 4569 summoque
762 4466 881 4543 studio
907 4490 1046 4542 omnem
1069 4464 1269 4540 foventibus
1292 4465 1339 4542 ed
1364 4465 1618 4542 humanitetem
1645 4489 1803 4568 pregme-

281 4586 424 4666 sionem.
476 4588 584 4670 Quod
612 4599 733 4664 eutem
767 4586 836 4663 sibi
869 4586 1061 4662 oonduoere
1093 4584 1346 4676 intellexerint,
1381 4585 1420 4662 id
1453 4585 1571 4661 liberis
1599 4585 1676 4660 suis
1706 4585 1802 4662 baud

282 4704 517 4805 denegabunt.
567 4707 698 4783 Parum
731 4715 785 4782 est
819 4706 1001 4795 berbetos,
1027 4715 1067 4780 ut
1090 4727 1288 4782 rnvnnsnrs
1311 4705 1380 4796 eit,
1404 4705 1588 4781 admovere
1610 4703 1705 4778 mille
1728 4727 1801 4780 me·

282 4823 424 4924 gistros:
452 4825 517 4902 boo
540 4825 719 4926 aliquanto
737 4825 898 4926 marim,
923 4825 1037 4901 nullos
1060 4849 1175 4901 eorem
1200 4825 1319 4924 pueris
1342 4825 1387 4902 de
1411 4824 1650 4990 oetditmnet
1673 4821 1804 4900 divitiis

1529 4946 1574 5018 11
