4967 6175
917 668 1196 739 ORATIO.
1780 670 1825 739 Ξῖ

294 886 375 961 dem
405 880 555 957 iudicem
586 878 674 955 ierne
698 875 837 966 licebit,
868 876 971 952 euius
994 877 1202 955 sententiam
1228 877 1372 954 historia
1392 876 1447 954 vel
1466 879 1666 969 confirmet,
1691 876 1745 954 rel
1763 878 1818 955 in·

293 1005 431 1104 ringer.
481 1002 607 1099 Neque
636 997 787 1087 habent,
821 996 890 1071 nisi
921 997 1040 1073 omnia
1075 1021 1133 1073 me
1161 994 1307 1087 fallunt,
1340 999 1437 1096 quod
1461 998 1624 1075 historice
1647 998 1819 1075 iudicium

293 1120 544 1200 etemideet
575 1121 672 1211 Quae
694 1120 726 1194 ri
747 1124 783 1193 et
807 1140 927 1193 renuo
950 1126 986 1191 et
1009 1129 1185 1191 sacrorum
1206 1117 1489 1195 reformatoribus
1509 1121 1575 1218 qui
1594 1119 1712 1196 seculo
1731 1120 1818 1195 XVl

292 1242 388 1318 luere
412 1240 641 1341 semegem,-
668 1239 822 1339 proiecto
844 1258 915 1314 non
938 1236 1187 1314 condemnabit
1208 1259 1286 1327 eos,
1318 1237 1383 1337 qui
1407 1237 1531 1313 horum
1550 1240 1597 1314 ad
1618 1242 1818 1340 exemplum

292 1360 483 1462 antiquptis
515 1358 673 1435 formulis
704 1380 811 1433 novas
839 1356 1049 1431 substituere
1076 1362 1267 1444 conentur,
1301 1356 1518 1457 temporibus
1542 1358 1673 1457 qulbm
1694 1362 1818 1437 dsunt

292 1476 484 1581 adoptatas.
534 1478 667 1579 Negeri
687 1477 782 1552 enim
800 1476 942 1577 nequit,
961 1477 1091 1551 multos
1110 1475 1213 1549 hodia
1228 1500 1305 1551 esse
1314 1527 1325 1567 ,
1342 1490 1434 1577 quos
1453 1503 1475 1554 a
1491 1478 1657 1579 religione
1672 1480 1818 1557 minime

292 1602 423 1678 elienos
455 1600 581 1700 pleeite
608 1597 781 1673 Ecclesiae
815 1598 1029 1686 deterreant,
1061 1614 1106 1671 ιιι
1136 1596 1353 1673 Christianos
1376 1620 1452 1673 sese
1477 1599 1713 1698 profiteantur.
1747 1600 1819 1691 Qut

293 1722 503 1820 simulatque
523 1717 773 1805 intellexerint,
806 1725 944 1793 nostres
964 1716 1070 1792 eeteti
1092 1740 1162 1791 non
1189 1716 1308 1791 minus
1335 1740 1444 1816 quem
1469 1718 1706 1816 superioribus
1729 1718 1820 1795 illud

292 1842 349 1916 irre
378 1845 589 1937 competere,
624 1836 713 1935 quin
745 1835 850 1911 etiam
880 1836 1080 1911 incumbere
1102 1836 1275 1925 cilicium,
1311 1844 1352 1911 ιιι
1373 1856 1437 1912 erre
1461 1839 1507 1912 sit
1529 1845 1567 1913 et
1590 1860 1698 1936 quarn
1721 1846 1819 1915 tenet

291 1958 550 2061 pemuasionem
574 1956 619 2030 de
650 1955 816 2055 religione
847 1952 1044 2030 Christiane
1064 1978 1142 2030 eom
1166 1955 1325 2030 formulis
1349 1956 1527 2045 enuntiet,
1552 1956 1738 2033 hodiernae
1763 1960 1817 2033 di·

292 2074 513 2178 reiplinerum
534 2072 725 2151 conditioni
746 2073 1003 2163 consentaneis,
1029 2074 1207 2150 aetutem
1221 2082 1276 2149 est
1290 2076 1385 2175 quod
1405 2075 1448 2151 iis
1467 2075 1717 2175 impedimento
1734 2076 1814 2153 fuit.

291 2198 384 2290 Quid
420 2196 451 2271 si
481 2195 682 2296 religionem
718 2192 851 2292 ipsem,
887 2192 1055 2294 disruptis
1089 2194 1411 2293 supranaturalismi
1439 2196 1614 2285 ohuetrls,
1648 2197 1817 2274 meterem

293 2316 397 2394 etiem
434 2317 503 2391 vim
536 2316 574 2391 in
609 2314 791 2390 hominnm
823 2314 957 2389 enirnos
989 2314 1187 2390 habituram
1221 2336 1298 2389 esse
1329 2316 1564 2391 contendam?
1611 2317 1816 2395 Duelismua

292 2439 385 2513 enim
406 2438 498 2512 inter
522 2436 629 2513 vitem
651 2443 687 2511 et
708 2434 933 2535 religionem,
958 2434 1050 2510 inter
1073 2435 1251 2511 hominem
1278 2442 1385 2535 etque
1408 2437 1546 2527 Deum,
1570 2454 1677 2536 quern
1697 2460 1815 2513 recen·

290 2559 394 2634 tiores
421 2557 573 2657 theologi
597 2557 825 2657 impugnent,
850 2563 988 2631 tentum
1011 2555 1111 2630 ebest
1140 2563 1224 2631 uta
1252 2575 1411 2630 onersro
1435 2556 1513 2663 ipso
1536 2558 1817 2649 commendetur,

291 2686 332 2753 ιιι
361 2702 444 2753 eum
473 2678 590 2777 potius
617 2678 655 2752 in
681 2697 719 2751 se
743 2678 839 2775 ipso,
865 2698 945 2749 vero
972 2674 1112 2749 homine
1135 2674 1328 2773 eodemque
1352 2676 1455 2775 plene
1478 2676 1613 2766 divium
1638 2697 1820 2777 superasse

293 2795 463 2873 dicendus
493 2798 550 2871 sit.
600 2794 672 2869 Sed
702 2795 757 2868 hia
788 2794 921 2868 diutius
951 2794 1128 2868 immorari
1158 2795 1256 2869 nolo:
1288 2801 1387 2869 tanta
1405 2796 1501 2870 enim
1525 2804 1580 2870 est
1600 2797 1822 2895 ingeniorum
1972 2808 1977 2817 '

292 2916 493 3005 diversites,
528 2921 571 2990 ut
599 2938 689 3014 quse
718 2913 817 2988 alteri
847 2913 1097 3011 impedimento
1126 2922 1231 3003 runt,
1264 2914 1387 2989 eedem
1413 2914 1513 2989 elteri
1535 2927 1677 3013 prorsus
1702 2939 1820 2992 neees-

291 3036 381 3112 turia
398 3036 599 3110 'videantur
650 3032 818 3108 Desinere
842 3039 995 3131 praestet
1016 3033 1054 3106 iu
1081 3032 1257 3108 laudande
1280 3032 1456 3130 religionis
1480 3033 1697 3112 Christianae
1721 3056 1821 3134 pree⁴

292 3155 442 3246 euntis,
479 3153 668 3228 formarum
698 3175 786 3251 quea
815 3152 931 3226 induit
965 3152 1128 3226 verietate
1160 3151 1358 3250 conspicua.
1408 3152 1505 3241 Quee
1534 3152 1655 3252 religio
1681 3155 1712 3228 sl
1735 3179 1824 3255 pen·

292 3277 390 3352 deret
423 3297 446 3350 a
480 3293 702 3372 quocumque
736 3272 880 3348 tandem
913 3277 1100 3370 systemate
1133 3270 1352 3370 dogmetioo,
1385 3271 1443 3345 vit
1475 3278 1538 3346 aut
1572 3273 1715 3348 omnino
1748 3299 1821 3352 non

292 3389 460 3495 eflugeret
482 3413 704 3468 communem
729 3407 846 3466 rerunr
871 3390 1103 3467 humanorum
1121 3391 1355 3491 fragilitatem.
1404 3392 1511 3466 Nunc
1531 3412 1611 3467 vero
1629 3405 1819 3493 perpetues

294 3515 474 3590 hominnm
499 3512 732 3614 progressioni
754 3511 958 3610 nentiquam
982 3509 1136 3601 intonsa,
1162 3512 1224 3586 sed
1248 3511 1282 3586 vi
1304 3531 1369 3586 sue
1389 3511 1494 3587 insite
1515 3533 1605 3588 novo
1627 3513 1821 3592 identidem

293 3634 418 3734 plecitu
453 3634 622 3735 gignens,
654 3633 817 3733 perennis
852 3633 999 3708 dicenda
1033 3639 1097 3708 est
1146 3634 1262 3723 Quem
1292 3631 1469 3731 religionis
1497 3632 1714 3710 Christianae
1741 3659 1820 3734 pro·

293 3755 496 3854 prietatem,
521 3753 557 3828 in
586 3753 739 3828 Ecclesia
760 3753 918 3828 Romane
943 3761 1162 3852 oppressam,
1186 3750 1353 3850 quoniam
1375 3752 1611 3828 Protestentss
1636 3767 1823 3854 perspere·'

293 3883 394 3963 runt,
427 3897 534 3974 penas
568 3873 631 3948 lroe
660 3882 713 3948 est
740 3875 898 3972 exemplo
925 3892 989 3949 reo
1010 3872 1193 3948 vindicare.
1245 3871 1524 3948 Reformatorem
1547 3874 1749 3974 progeniem
1775 3893 1821 3949 no

294 3995 406 4094 capiet
440 4015 610 4094 umquem
646 3991 790 4094 originis
812 4011 896 4070 suae
924 3994 1069 4070 obliviol
1116 3993 1261 4067 Utinem
1283 4011 1420 4091 semper
1442 3993 1681 4082 meminerint,
1705 4014 1819 4070 auore·

296 4137 373 4188 rnrn
404 4114 690 4190 insteuratienem
722 4115 837 4190 seculo
874 4114 959 4189 XVl
987 4115 1183 4190 inchoatam
1215 4133 1310 4201 esee,
1341 4113 1492 4188 necdum
1515 4113 1723 4213 perlectam!
1760 4115 1817 4188 Ne

298 4255 467 4332 umquem
502 4234 710 4334 theolegium
744 4255 826 4310 enm
860 4235 1025 4335 religione
1053 4233 1306 4311 confundentes
1336 4231 1387 4306 illi
1416 4233 1592 4322 tribuant,
1620 4256 1712 4332 quoe
1734 4232 1818 4308 huic

297 4351 361 4426 nni
384 4354 569 4453 competit,
603 4354 872 4455 perenniteteml
915 4355 960 4430 Id
981 4355 1098 4454 potius
1119 4372 1265 4453 agemus
1288 4351 1457 4451 theologi,
1491 4360 1532 4427 nt
1551 4369 1728 4428 servemus
1755 4359 1820 4429 aut

296 4473 520 4550 restituemus
546 4475 783 4564 concordiem,
819 4497 908 4573 quoe
944 4473 1070 4548 artium
1099 4471 1298 4571 cognationi
1318 4470 1438 4546 innixe
1461 4491 1582 4548 omnes
1604 4473 1702 4563 illes,
1726 4493 1817 4573 quae

297 4593 344 4668 ed
367 4593 620 4670 terrenitatem
646 4596 839 4696 pertinent,
863 4593 1072 4694 coniungere
1094 4591 1209 4669 debet.
1261 4591 1337 4681 Sic,
1363 4593 1439 4666 Deo
1461 4592 1667 4683 adiuvante,
1692 4594 1817 4669 afficie-

297 4717 374 4802 tnr,
411 4721 453 4788 nt
488 4711 609 4815 religio
643 4715 840 4791 Christiano
869 4723 904 4790 et
932 4711 1001 4790 eim
1026 4734 1125 4791 suem
1158 4714 1349 4788 beneficum
1370 4712 1408 4786 in
1433 4712 1615 4788 hominurn
1639 4714 1702 4812 qui
1723 4726 1818 4788 nuno

297 4831 420 4908 ιιιιιιιι
442 4833 577 4910 animos
601 4835 725 4911 melius
749 4841 902 4923 esseae,
932 4842 968 4910 et
991 4835 1036 4911 ed
1051 4833 1295 4938 >posteritatem
1321 4839 1474 4908 transeat
1496 4831 1698 4908 incolumis!

925 4993 1190 5006 ................
1600 4951 1653 5026 4}
