4967 6175
907 684 1187 755 ORATIO.
1479 728 1484 735 -
1774 682 1818 749 15

215 934 218 943 ·
285 920 390 977 mono
422 922 486 999 por
521 918 633 974 maora
666 919 854 973 ounrsrnrr
890 895 972 976 dete
999 902 1072 983 ert,
1107 917 1177 968 non
1203 900 1408 993 ognoseunt.
1459 890 1534 972 Qui
1559 889 1609 988 aio
1635 889 1814 981 sentiunt,

285 1020 481 1121 ueougua
519 1018 787 1095 fundamentum
823 1015 963 1104 toliere,
1001 1020 1163 1089 naturam
1199 1020 1336 1089 mutere
1358 1012 1482 1088 merito
1508 1010 1693 1087 dieuntur:
1725 1010 1812 1111 quin

282 1138 388 1216 otiam
425 1140 472 1219 do
502 1140 579 1240 ipso
607 1139 775 1239 religione
804 1144 922 1212 uotum
947 1142 1023 1223 est,
1055 1132 1193 1209 obieeta
1219 1130 1350 1232 duplici
1372 1131 1433 1209 illu
1455 1132 1698 1231 persuasione,
1722 1157 1815 1233 quoe

281 1280 346 1361 por
368 1259 563 1337 tenuiorum
588 1258 773 1334 deaursm
793 1256 958 1333 omnibus
978 1253 1055 1331 eius
1077 1251 1311 1329 metatoribus
1338 1251 1534 1326 eommunis
1555 1251 1633 1331 iuit

332 1376 441 1457 Quod
464 1384 649 1475 utromque
674 1375 869 1475 querolum,
895 1374 940 1449 de
963 1372 1158 1449 Iitermum
1185 1373 1368 1448 Sacrorum
1389 1372 1597 1448 aumoritate
1618 1380 1654 1446 et
1675 1371 1814 1471 religio·

281 1497 337 1573 nis
361 1496 495 1598 origine
516 1496 633 1572 diune
655 1521 678 1571 o
698 1492 868 1594 theologis
891 1494 1066 1570 hodiernis
1086 1494 1122 1568 in
1144 1492 1294 1569 dubium
1314 1492 1463 1582 voeatis,
1489 1516 1561 1567 uno
1579 1498 1699 1565 tenore
1717 1514 1813 1566 eom·
1898 1556 1902 1561 .

281 1618 489 1707 memoravi,
514 1617 580 1693 hoo
602 1638 672 1691 non
696 1615 784 1691 torte
806 1616 947 1694 fortune
971 1615 1032 1690 sed
1059 1614 1102 1691 de
1126 1615 1299 1690 industria
1321 1613 1452 1687 iaetnrn
1471 1620 1535 1687 ost.
1584 1614 1812 1709 Quemquam

281 1738 376 1813 enim
400 1762 423 1813 a
448 1736 593 1813 divorsis
615 1736 790 1811 interdurn
819 1736 1062 1835 pmfemntur,
1087 1736 1279 1811 orotissirne
1301 1741 1418 1811 tomen
1440 1733 1532 1807 inter
1550 1757 1588 1810 se
1608 1732 1812 1821 annuerent,

281 1858 378 1957 quod
400 1856 469 1955 ipsi
491 1856 562 1931 iom
583 1852 884 1930 animadvertistis.
931 1854 1020 1942 Sed,
1039 1878 1122 1955 age,
1144 1854 1299 1954 singulas
1321 1855 1558 1953 exploremus,
1578 1860 1620 1925 ut
1640 1860 1812 1951 quotenus

280 2000 305 2050 a
322 1976 477 2075 plroitis,
496 1998 647 2075 qnorum
668 1995 724 2049 res
743 1973 877 2073 egitur,
895 1974 1017 2073 religio
1036 1974 1234 2049 christiane
1252 1974 1403 2073 pendeat
1421 1972 1529 2073 probe
1547 1971 1811 2071 perspioiamus!

329 2208 519 2289 Ordiamur
543 2237 565 2289 a
586 2214 781 2289 literarum
805 2214 987 2289 Seorarum
1011 2213 1237 2302 auctoritate,
1262 2236 1389 2312 quam,
1414 2212 1446 2286 ri
1467 2211 1504 2285 in
1526 2211 1592 2287 tao
1617 2236 1699 2287 vore
1727 2212 1811 2287 deti·

280 2334 409 2411 niardo
440 2354 652 2409 olorinorum
675 2336 704 2427 ¹)
740 2334 938 2434 sequimur,
969 2358 1154 2433 agnoscere
1178 2332 1229 2407 illi
1251 2332 1390 2407 dicendi
1413 2340 1522 2421 mut,
1549 2332 1613 2431 qui
1637 2331 1675 2406 id
1698 2341 1813 2407 ratum

280 2454 431 2544 habent,
464 2454 560 2555 quod
593 2472 615 2530 u'
642 2454 809 2529 librorum
842 2452 885 2529 V.
913 2463 950 2529 et
975 2454 1021 2528 N.
1047 2452 1211 2529 Foederis
1237 2451 1437 2531 auctoribus
1462 2452 1656 2527 iudicatum
1681 2451 1811 2536 vident.

280 2572 331 2649 Ut
353 2575 461 2672 igitur
480 2582 616 2649 oonstet
641 2574 849 2664 auotoritaS,
874 2582 956 2649 ante
980 2575 1071 2650 omia
1092 2575 1156 2649 hoo
1178 2573 1386 2673 requiritur,
1413 2581 1453 2646 ut
1474 2572 1622 2672 singulis
1641 2580 1678 2647 et
1699 2572 1813 2647 verbio

279 2700 316 2767 ot
340 2693 520 2771 sententiis
542 2702 579 2768 ot
602 2693 700 2769 libris
720 2716 808 2767 suus
831 2692 1006 2767 tribuatur
1029 2716 1170 2781 sensus,
1198 2692 1256 2767 oui
1278 2691 1359 2769 dein
1378 2714 1442 2766 noo
1464 2692 1700 2772 aubiioiomur.
1736 2692 1814 2772 Qui

279 2812 378 2895 libris
411 2813 519 2887 saonis
558 2812 765 2887 sententium
803 2810 1000 2885 obtrudunt
1032 2811 1077 2885 eb
1110 2835 1229 2887 eorum
1266 2810 1466 2885 onemribne
1503 2810 1671 2900 alienam,
1705 2834 1814 2910 quam

279 2930 361 3005 dein
393 2930 461 3029 ipei
494 2938 674 3027 tamqnam
702 2930 858 3005 divium
890 2930 1070 3005 raritatem
1109 2928 1320 3028 suspiciant,
1350 2928 1402 3002 itii
1432 2928 1577 3005 ridicula
1603 2939 1639 3005 et
1664 2930 1814 3007 absurde

279 3057 400 3148 ogone
443 3049 524 3124 Non
545 3050 668 3148 ignoro
689 3072 787 3136 saue,
812 3047 988 3122 nominem
1013 3070 1180 3146 umquam
1206 3047 1399 3134 exstitime,
1423 3048 1487 3145 qui
1508 3049 1667 3128 oonsnlto
1690 3051 1740 3124 sio
1760 3051 1813 3125 in»

278 3177 534 3268 tmpmterotur.
592 3165 829 3244 Nihilominus
858 3167 943 3241 inde
972 3167 1019 3241 ab
1048 3191 1091 3241 eo
1124 3175 1300 3266 tempora,
1334 3190 1405 3266 quo
1439 3168 1606 3244 librorum
1639 3195 1814 3248 soororuuu

279 3287 464 3367 ouomritoe
498 3289 639 3388 agnosoi
669 3295 792 3386 ooeptu
819 3295 893 3373 est,
924 3285 1081 3384 poulium
1109 3283 1222 3360 obfuit
1245 3286 1331 3384 quin
1353 3311 1475 3362 eorum
1499 3290 1689 3366 amtentim
1711 3317 1813 3380 suoru

278 3409 542 3486 substituerent.
593 3407 714 3483 Missis
739 3405 879 3482 Iudaeis
902 3404 994 3481 intro
1016 3401 1190 3484 neeesse
1216 3405 1433 3483 Christianae
1456 3409 1546 3484 fines
1571 3434 1636 3484 nos
1656 3413 1812 3486 mutine-

278 3547 391 3603 emus.
449 3526 523 3605 Qui
551 3526 657 3626 primi
690 3525 789 3600 libris
816 3526 863 3600 N.
895 3525 1058 3604 Foederir
1090 3525 1195 3600 saurir
1220 3535 1370 3602 omnem
1396 3530 1506 3626 (qnod
1528 3553 1636 3627 quem
1658 3529 1809 3616 aimon

278 3646 383 3722 neat
404 3673 429 3722 o
449 3645 610 3746 patribus
633 3671 666 3744 q.
680 3645 715 3720 d.
737 3643 945 3744 Apostolioir
966 3669 1087 3719 omnes
1107 3653 1273 3740 norunt),
1295 3671 1494 3738 romanos,
1515 3670 1809 3740 raaronuanoo,

278 3787 466 3855 oneum,
496 3765 604 3841 iidem
640 3765 677 3839 in
708 3791 830 3841 eorum
862 3765 1145 3866 interpretatione
1177 3767 1309 3866 dupiioi
1322 3749 1325 3759 ’
1338 3765 1443 3847 modo
1471 3795 1495 3843 a
1527 3793 1608 3844 sero
1638 3770 1809 3846 merant

280 3887 356 3961 Aut
376 3885 470 3960 enim
488 3885 742 3986 interpretandi
762 3911 884 3964 norme
903 3885 947 3961 iis
968 3895 1025 3960 ost
1046 3887 1219 3961 Eoeiesiae
1238 3886 1432 3978 sententia,
1458 3913 1563 3988 quom
1583 3890 1737 3990 opisoopi
1749 3917 1807 3966 ro·

279 4005 377 4084 dium
409 4005 686 4104 Apoeoueorum
717 4006 867 4080 fideliter
892 4029 1044 4080 servasse
1071 4006 1322 4095 oenseooniur,
1347 4017 1409 4083 eut
1433 4009 1612 4109 aitogorioe
1635 4009 1809 4109 expiiosut

279 4133 459 4202 ouoturrrur
483 4149 655 4218 amorum
679 4126 793 4200 verbu.
834 4127 1103 4204 uueromauom
1126 4127 1215 4202 viam
1234 4129 1399 4203 ,inmotas
1420 4153 1486 4203 ouo
1500 4129 1645 4203 arbitrio
1666 4129 1702 4202 in
1725 4152 1806 4204 oon·

279 4239 457 4318 rtituendo
489 4245 683 4320 Litamrum
712 4246 895 4322 Saniorum
917 4270 1022 4324 ronou
1050 4271 1193 4346 mugnus
1216 4248 1415 4323 tribuebant
1439 4256 1563 4348 pour.
1614 4246 1688 4328 Qui
1709 4231 1806 4324 eun

278 4387 302 4438 a
322 4363 509 4438 traditione
533 4365 732 4465 Aposurliou
754 4390 947 4465 numquam
972 4366 1220 4442 disoedendum
1238 4392 1316 4443 esse
1337 4366 1604 4469 profitebantur,
1629 4367 1685 4443 sel
1705 4367 1806 4444 insoii

278 4505 356 4558 sem
375 4484 592 4560 monebunt
615 4493 650 4560 et
671 4485 952 4584 ompiifieabuut,
976 4485 1071 4574 houd
1094 4485 1204 4585 poue'u
1224 4487 1262 4561 iu
1284 4513 1360 4564 eom
1382 4489 1587 4578 inierautes,
1611 4489 1804 4588 dequibus
1869 4478 1875 4484 ’

278 4625 381 4680 nemo
401 4625 451 4676 err
479 4604 658 4702 aposto&
681 4605 890 4706 rogitaverat
918 4629 1105 4705 umquem
1130 4607 1181 4682 sio
1205 4606 1436 4698 factumest,
1462 4608 1661 4685 asinorum
1685 4615 1803 4685 unctos

319 4864 782 4954 uorumowmrruo.
888 4903 891 4910 .

2007 3124 2018 3170 (
