4967 6175
939 678 1220 749 ORATlO.
1801 679 1844 749 31

315 896 419 969 antea
438 914 543 989 quam
559 888 630 965 sero
650 894 765 964 totum
785 912 822 966 se
841 888 896 963 his
913 889 1082 976 traderet,
1100 887 1186 963 alias
1206 887 1466 987 disquisitiones
1483 887 1711 965 absolvendae
1731 897 1840 965 erant.

315 1012 554 1108 lhancquerae
575 1007 691 1085 ιιιιιιιο
708 1006 891 1083 consilium
912 1008 991 1083 iniit
1008 1007 1136 1083 edendi
1152 1007 1305 1083 chronici
1315 1008 1475 1097 Arabici,
1490 1008 1586 1108 quod
1601 1008 1708 1083 Liber
1717 1007 1845 1085 rm

313 1130 514 1205 inscribitur
544 1137 582 1205 et
612 1128 906 1205 Samaritanorum
942 1128 1120 1203 historiam
1151 1127 1310 1207 illustrat.
1360 1127 1572 1206 Difficillimo
1598 1128 1681 1205 huic
1702 1126 1843 1228 negotio

312 1249 503 1348 implicitus
537 1248 751 1348 Gmningarn
787 1255 929 1324 vocatus
966 1256 1037 1337 est,
1067 1246 1129 1347 qui
1156 1255 1335 1323 vasantam
1362 1271 1566 1325 wonruaarr
1590 1256 1702 1323 morte
1725 1248 1842 1325 cathe-

312 1368 411 1445 dram
442 1377 642 1471 occuparetz
674 1368 866 1458 estudiis,
893 1369 930 1445 in
956 1368 1196 1469 quibustuae
1223 1368 1442 1459 vorsabatur,
1467 1366 1639 1443 desnmsit
1662 1368 1843 1445 materiem

311 1492 475 1569 orationis
498 1490 733 1591 inauguralia,
758 1515 863 1589 qnam
888 1490 1012 1569 habuit
1030 1492 1073 1566 de
1085 1498 1188 1590 gente
1210 1491 1450 1579 Samaritana,
1470 1489 1526 1565 die
1544 1491 1621 1564 25³⁰
1644 1512 1692 1563 m.
1719 1486 1842 1563 Martii

311 1611 396 1687 anni
428 1614 534 1688 1841.
592 1611 695 1702 Quod
718 1610 830 1685 otium
855 1636 877 1685 a
899 1610 1076 1687 laboribus
1100 1609 1317 1685 Academicis
1343 1610 1376 1684 ei
1401 1616 1595 1709 supererat,
1619 1608 1658 1683 id
1677 1632 1782 1684 omne
1805 1612 1843 1683 ct

311 1730 463 1805 chronici
499 1729 642 1806 editioni
672 1736 708 1804 et
738 1728 901 1805 historiae
928 1730 1043 1829 gentis
1068 1730 1304 1805 Samaritanae
1327 1729 1459 1806 tribuit.
1499 1729 1664 1805 Getarum
1689 1728 1840 1805 Gronin·

309 1874 377 1947 gae
398 1872 461 1947 per
485 1848 753 1948 quadriennium
774 1856 930 1923 versatam
947 1848 1100 1923 restituit
1117 1850 1219 1948 plane
1242 1849 1419 1924 literarum
1442 1850 1683 1925 Semiticarnm
1704 1849 1840 1940 studia,

310 1975 412 2045 antea
435 1966 505 2043 illic
528 1967 654 2044 misere
678 1967 847 2067 neglecta
897 1968 984 2043 Tam
1009 1967 1157 2067 publicis
1180 1968 1386 2043 lectionibus
1410 1992 1515 2068 quam
1539 1968 1684 2068 privatis
1704 1969 1841 2045 Acade·

308 2086 419 2163 micae
454 2086 627 2162 iuventuti
664 2087 788 2163 harum
820 2086 998 2163 literarum
1026 2112 1179 2163 amorem
1204 2088 1370 2163 instillare
1395 2088 1605 2178 conabatur,
1629 2088 1840 2188 ecquidem
1908 2160 1911 2164 ,

309 2232 471 2283 successu
497 2216 538 2283 ut
562 2232 682 2283 ornnes
707 2207 868 2282 lubenter
894 2232 976 2283 eum
1002 2208 1164 2283 audirent
1187 2234 1252 2283 nec
1277 2209 1380 2308 pauci
1404 2234 1446 2285 eo
1468 2209 1558 2285 duce
1577 2209 1614 2284 in
1636 2210 1840 2309 disciphuae

308 2353 431 2403 amana
451 2335 681 2427 penetrarent.
732 2328 814 2402 Non
836 2328 1001 2405 facundia
1022 2336 1113 2403 totos
1136 2329 1182 2404 ad
1205 2354 1243 2404 se
1266 2329 1423 2428 rapiebat
1441 2338 1477 2404 et
1498 2328 1720 2405 convertebat
1741 2330 1836 2407 iure·

307 2472 390 2537 nes,
423 2448 485 2523 sed
517 2448 644 2549 partim
676 2472 805 2547 magna
829 2472 911 2548 erga
941 2473 1062 2525 omnes
1085 2449 1341 2538 benevolentia,
1366 2450 1493 2549 partim
1518 2450 1655 2550 ingenti
1678 2450 1738 2524 illo
1762 2456 1838 2526 sta·

307 2566 444 2643 diorum
472 2591 611 2657 amore,
642 2568 704 2667 qui
736 2568 912 2643 neminem
947 2568 1010 2644 diu
1033 2570 1141 2646 latere
1160 2577 1315 2669 poterat,
1340 2570 1479 2645 eosdem
1504 2570 1551 2644 ad
1573 2594 1610 2643 se
1633 2570 1739 2645 veluti
1762 2570 1838 2645 alli·

306 2686 429 2763 ciebat.
479 2687 645 2767 Placebat
667 2695 842 2787 praeterea
864 2689 1141 2765 adolescentibus
1166 2689 1306 2764 liberior
1330 2690 1500 2765 derebus
1523 2690 1650 2765 criticis
1671 2698 1708 2764 et
1728 2690 1836 2765 hiato·

305 2808 385 2881 ricis
420 2807 594 2881 sentiendi
626 2806 732 2896 ratio,
765 2831 869 2905 qnam
902 2830 950 2881 nn
985 2830 1157 2884 wanrron
1181 2807 1254 2883 lere
1278 2818 1418 2883 secutus
1443 2809 1632 2909 prudenter
1655 2809 1839 2885 ostendere

305 2925 450 3002 solebat.
505 2924 634 3015 Quanti
667 2933 784 3001 autem
811 2951 891 3001 cum
914 2927 1067 3004 facerent
1090 2927 1269 3027 Collegae,
1295 2928 1444 3027 gradum
1467 2928 1616 3003 doctoris
1639 2928 1836 3004 Literarum

303 3044 565 3120 Humaniorum
583 3051 770 3142 antequam
792 3044 861 3128 huo
880 3043 1044 3144 migraret
1065 3046 1102 3120 in
1122 3070 1203 3120 eum
1217 3047 1340 3122 collato
1354 3047 1530 3123 lucrdente
1541 3049 1833 3126 demonstrarunt.

353 3166 476 3240 Annos
505 3187 593 3262 quoa
625 3163 826 3263 Groningae
859 3164 1077 3264 bansegiaait
1108 3189 1353 3242 mannonmns
1386 3165 1477 3241 vitae
1511 3192 1594 3242 anas
1619 3167 1834 3253 felicissimos

303 3283 500 3384 praedicare
532 3283 676 3360 solebat.
733 3285 818 3360 Post
848 3309 1027 3362 wamasn
1058 3293 1203 3362 mortem
1236 3287 1382 3362 Isidem
1413 3295 1554 3363 vocatus
1583 3288 1836 3389 obtemperavit

304 3403 466 3503 quidem,
491 3403 555 3482 sed
577 3427 687 3503 paene
712 3402 853 3480 invitus
904 3404 1047 3504 Optime
1072 3405 1164 3480 enim
1191 3414 1353 3496 noverat,
1377 3430 1483 3505 quam
1510 3407 1616 3481 latam
1643 3408 1832 3506 susciperet

303 3523 533 3624 provinciam,
566 3524 674 3623 probe
709 3523 851 3622 quidem
884 3525 1079 3625 cognitam,
1104 3532 1258 3601 attamen
1286 3533 1360 3601 tam
1384 3526 1486 3626 longe
1509 3526 1699 3602 distantran
1721 3527 1766 3602 ab
1788 3554 1831 3605 eo

303 3669 443 3744 campo,
467 3644 505 3718 in
531 3667 601 3743 quo
623 3643 714 3718 ritae
740 3668 824 3720 suae
848 3644 1045 3721 collocasset
1068 3645 1350 3735 tabernaculum,
1375 3647 1471 3721 utin
1493 3671 1534 3721 ea
1555 3647 1831 3724 administranda

303 3763 524 3862 gravissimae
549 3763 767 3863 superandae
789 3772 905 3840 essent
925 3765 1154 3842 difficultates.
1188 3767 1349 3842 Muneris
1373 3767 1488 3856 enim,
1513 3767 1607 3866 quod
1630 3769 1827 3868 Frenaque·

302 3907 360 3958 rae
378 3891 414 3958 et
436 3883 636 3984 Groningae
655 3883 794 3974 obibat,
820 3885 904 3960 haec
926 3894 1000 3962 erat
1022 3887 1129 3976 ratio,
1155 3894 1196 3962 ut
1218 3887 1461 3962 Hebraeorum
1485 3887 1600 3962 literas
1622 3895 1658 3962 et
1674 3886 1826 3987 antiqui·

303 4008 409 4077 tatem
426 4003 610 4102 praecipue
629 4003 784 4093 doceret,
803 4005 933 4104 quibua
952 4013 1131 4105 tamquam
1142 4006 1389 4106 adiungeretur
1399 4007 1519 4106 lingua
1529 4007 1686 4084 Arabica.
1711 4009 1826 4084 Num·

303 4147 409 4222 qoam
433 4123 599 4224 suspicari
619 4131 779 4224 potuerat
803 4151 867 4202 neo
891 4134 1105 4225 speraverat,
1129 4126 1202 4201 fore
1224 4133 1265 4200 ut
1286 4127 1393 4225 legati
1415 4125 1634 4202 Warneriani
1657 4127 1823 4226 interpre-

301 4243 408 4334 tatio,
432 4267 512 4318 cnm
536 4243 764 4320 Arabicarum
790 4245 968 4321 literarum
992 4245 1202 4345 professione
1222 4254 1315 4320 arcte
1335 4245 1536 4336 coniuncte,
1555 4270 1661 4345 quam
1679 4269 1824 4322 warna·

301 4383 401 4449 suos,
436 4361 546 4461 ipsius
578 4364 749 4463 aequahs,
782 4365 921 4466 egregie
947 4378 1101 4455 euramt,
1134 4364 1200 4440 sibi
1230 4366 1463 4443 mandaretur.
1513 4366 1614 4457 Quod
1636 4373 1824 4465 postquam

299 4478 430 4556 factum
464 4489 537 4573 eat,
571 4483 815 4585 gravissimum
850 4509 978 4562 munus
1005 4510 1075 4560 non
1105 4487 1337 4562 recusandum
1365 4486 1466 4562 duxit
1490 4493 1527 4562 et
1550 4487 1633 4563 inde
1658 4486 1705 4563 ab
1730 4511 1823 4563 anuo

302 4602 396 4676 1845
428 4600 478 4676 sic
513 4604 695 4696 sustinuit,
728 4613 769 4681 ut
798 4612 835 4680 et
866 4606 910 4682 de
938 4605 1128 4682 Academia
1159 4615 1338 4685 nostrast
1367 4607 1412 4682 de
1435 4607 1563 4683 Litoris
1585 4606 1822 4682 Orientalibus

298 4721 430 4820 optime
462 4733 660 4803 mereretur.
711 4725 857 4826 Singula
878 4727 956 4802 eins
978 4727 1104 4828 scripte
1128 4753 1329 4805 enumerare
1353 4728 1498 4827 longum
1522 4733 1594 4802 cst:
1618 4751 1661 4802 ea
1682 4734 1821 4800 tantum

298 4863 549 4934 commemoro,
574 4870 664 4945 quac
688 4847 734 4922 ad
759 4845 992 4926 Samaritanae
1014 4856 1190 4948 spactant,
1216 4850 1300 4927 alibi
1321 4847 1502 4938 inchoata,
1528 4847 1584 4921 hic
1604 4844 1763 4921 absoluta
1784 4849 1822 4918 et
