4967 6175
671 625 716 692 20
1264 618 1601 685 h.KUENliN

668 829 759 929 pita,
789 851 1008 927 quocumque
1036 826 1176 901 tandem
1207 825 1312 900 modo
1339 823 1538 911 enuntiata,
1563 821 1644 895 hinc
1669 820 1769 919 quasi
1791 819 2076 917 proficiscuntur,
2101 817 2197 917 quod

527 1042 537 1054 Α
669 950 766 1023 Deus
798 957 834 1021 et
861 948 989 1046 populo
1019 945 1207 1021 Israelitico
1237 954 1273 1019 et
1303 970 1365 1044 per
1398 966 1586 1018 cnarsrunr
1619 940 1685 1015 toti
1706 938 1826 1039 generi
1850 938 2004 1014 humano
2029 937 2198 1037 singulari

672 1068 774 1142 modo
805 1076 841 1141 et
871 1066 1091 1155 immediate,
1124 1075 1164 1141 ut
1189 1064 1335 1154 dicitur,
1361 1088 1435 1139 sese
1457 1060 1700 1139 manifestavit.
1751 1058 1860 1133 Nulla
1882 1058 1982 1133 adest
2007 1082 2112 1133 causa
2133 1082 2197 1133 cur

668 1188 719 1274 is,
753 1186 814 1287 qui
843 1185 1023 1283 specialem
1056 1185 1145 1259 hano
1165 1185 1245 1259 uei
1279 1185 1350 1258 sive
1374 1183 1615 1257 revelationem
1642 1180 1714 1255 sive
1737 1178 1972 1277 operationem
1996 1203 2066 1253 non
2089 1202 2196 1277 agno.

669 1318 762 1392 scat,
795 1302 996 1403 religionem
1020 1302 1253 1377 Christianam
1277 1300 1500 1377 nihilominus
1521 1300 1758 1397 amplectatur.
1810 1298 1904 1372 Illud
1930 1298 2052 1373 saltem
2077 1299 2195 1374 certis·

669 1428 797 1499 simum
821 1432 893 1511 est,
918 1422 1005 1496 nihil
1026 1446 1106 1495 eum
1131 1446 1316 1495 commune
1340 1421 1465 1495 habere
1490 1444 1570 1494 cum
1593 1420 1636 1493 iis
1660 1418 1840 1507 omnibus,
1874 1418 1935 1517 qui
1963 1431 2066 1493 antea
2096 1418 2196 1492 Chri·

669 1547 858 1619 stianorum
880 1543 1019 1615 nomine
1042 1541 1300 1639 insignirentur.
1340 1540 1552 1640 Negandum
1575 1538 1717 1638 quidem
1738 1563 1813 1614 non
1836 1548 1907 1628 est,
1933 1538 1982 1613 sic
2003 1538 2198 1614 ratiocinari

670 1671 837 1764 pergunt,
862 1660 1101 1737 diversissimis
1126 1661 1239 1735 modis
1262 1662 1350 1735 hauc
1370 1660 1437 1734 Dei
1457 1660 1689 1758 operationem
1712 1659 1876 1758 proponi,
1900 1656 2199 1756 quemadmodum

667 1785 742 1855 eius
766 1782 932 1855 rationem
957 1782 1002 1855 ad
1025 1781 1216 1856 naturalem
1242 1805 1357 1855 rerum
1379 1804 1519 1854 cursum
1544 1779 1602 1853 alii
1627 1778 1726 1852 aliter
1749 1778 1982 1866 constituant,
2008 1775 2198 1851 dummodo

669 1901 872 1989 discrimen,
907 1902 1001 1999 quod
1035 1900 1126 1975 inter
1162 1901 1256 1975 huno
1290 1910 1325 1973 et
1359 1899 1512 1973 actiones
1536 1899 1670 1973 divinas
1695 1899 1851 1987 obtinet,
1877 1923 1922 1973 ne
1946 1897 2098 1973 tollatur.
2149 1895 2200 1971 Ut

671 2022 734 2093 hoe
760 2044 865 2092 unum
893 2018 1053 2107 afferam,
1080 2020 1141 2118 qui
1167 2043 1249 2094 raso
1273 2020 1441 2118 originem
1466 2018 1589 2093 tribuit
1612 2043 1706 2094 mere
1731 2020 1938 2108 humanam,
1962 2020 1993 2093 is
2013 2027 2105 2094 certe
2126 2026 2198 2093 tam

673 2140 790 2239 procul
823 2139 920 2213 abest
955 2165 976 2214 a
1008 2140 1185 2214 communi
1216 2140 1410 2214 seculorum
1446 2139 1603 2214 omnium
1635 2141 1874 2238 persuasione,
1908 2148 1949 2215 ut
1982 2139 2200 2215 Christianus

672 2260 789 2332 baberi
814 2267 974 2355 nequeat.

720 2377 874 2467 Videtis,
906 2378 1003 2452 AA.!
1037 2402 1142 2476 quam
1175 2386 1268 2453 arcte
1293 2379 1375 2452 haec
1398 2378 1603 2453 cohaereant
1625 2404 1708 2453 cum
1729 2380 1933 2479 gravissima
1957 2379 2002 2453 de
2027 2379 2201 2454 miraculis

672 2497 891 2596 quaestione,
926 2521 1014 2595 quae
1037 2520 1082 2571 au
1108 2522 1277 2595 umquam
1302 2498 1393 2573 facta
1419 2499 1510 2587 sint,
1535 2524 1579 2573 an
1604 2500 1680 2573 fieri
1702 2499 1837 2598 possint
1860 2499 1914 2573 vel
1940 2500 2116 2597 quondam
2140 2522 2200 2597 po·

672 2619 819 2705 tuerint,
845 2616 1145 2692 vehementissime
1173 2618 1228 2691 his
1253 2618 1339 2716 ipsis
1363 2618 1487 2693 diebus
1511 2618 1734 2718 disceptatur.
1785 2620 1970 2719 Ingentem
1995 2620 2083 2694 hanc
2104 2616 2200 2693 litem

670 2764 738 2811 non
765 2738 945 2812 renovabo.
995 2738 1088 2811 Mihi
1115 2738 1232 2836 potius
1255 2737 1320 2812 hoc
1345 2737 1546 2838 impositum
1570 2748 1623 2814 est
1651 2750 1692 2813 ut
1714 2750 1887 2840 quantum
1908 2739 2045 2815 intersit
2066 2735 2200 2836 religio·

671 2881 749 2929 nem
788 2856 1020 2931 Christianam
1052 2856 1143 2930 inter
1171 2866 1207 2931 et
1236 2858 1412 2956 vulgarem
1443 2860 1487 2932 de
1520 2859 1613 2933 illius
1636 2861 1769 2956 origine
1797 2843 2058 2957 'persuasionem
2084 2854 2203 2955 paucis

669 2976 863 3049 ostendam.
924 2974 981 3045 Sio
1012 2974 1106 3045 enim
1138 2976 1269 3069 optime
1297 2975 1544 3070 perspicietur,
1570 2976 1826 3049 recentissimae
1846 2976 1951 3047 etiem
1975 2974 2083 3047 totius
2103 2975 2202 3049 theo·

671 3095 781 3191 legiae
815 3089 1031 3164 Christianae
1066 3091 1279 3164 conversioni
1309 3092 1529 3188 superstitem
1558 3093 1630 3166 fore
1661 3092 1772 3190 ipsam
1801 3092 2014 3191 religionem.
2071 3093 2203 3182 Quod,

671 3238 754 3308 age,
780 3209 993 3309 argumentis
1018 3233 1061 3282 er
1088 3208 1229 3282 historia
1255 3209 1374 3307 petitis
1400 3211 1618 3286 evincamus!

722 3331 908 3429 Vulgarem
944 3328 988 3402 de
1024 3327 1199 3427 religionis
1227 3329 1445 3404 Christianae
1466 3331 1599 3430 origine
1624 3331 1741 3405 divina
1766 3332 1972 3406 seutentiam
1997 3339 2204 3428 supranatv·

670 3455 841 3526 ratiarnam
875 3449 986 3523 dicere
1018 3450 1187 3536 solemus,
1220 3449 1351 3548 qnippe
1384 3475 1475 3548 quae
1505 3451 1701 3525 anaturali
1726 3475 1842 3525 rerum
1863 3459 1898 3526 et
1920 3450 2143 3549 physicarum
2167 3461 2204 3526 et

675 3573 903 3645 humanarum
937 3568 1057 3644 ordine
1083 3568 1278 3667 distinguat
1301 3569 1432 3667 privam
1460 3573 1648 3669 quamdam
1672 3580 1708 3644 et
1733 3570 1939 3668 peculiarem
1965 3569 2033 3643 Dei
2056 3571 2202 3669 operati·

673 3717 786 3766 onem.
845 3692 945 3767 Quae
980 3688 1154 3762 distinctio
1186 3688 1261 3761 sine
1293 3687 1401 3762 dubio
1434 3691 1593 3764 cohaeret
1614 3715 1695 3765 cum
1722 3690 1944 3790 antiquorum
1967 3690 2203 3764 Israelitarum

676 3811 850 3909 religione.
905 3808 956 3882 Hi
983 3807 1075 3882 enim
1106 3806 1221 3880 Deum
1243 3806 1358 3881 ubivis
1379 3818 1594 3907 praesentem
1616 3809 1792 3906 adspicere
1813 3808 1968 3884 solebant
1990 3816 2027 3884 et
2047 3811 2124 3884 Deo
2142 3833 2201 3883 au·

675 3933 761 4004 etori
792 3930 942 4004 tribuere
976 3928 1111 4002 omnia:
1145 3928 1239 4027 quod
1264 3952 1373 4027 quum
1397 3928 1565 4017 lacerent,
1590 3953 1711 4004 causas
1735 3954 1769 4026 q.
1784 3930 1819 4004 d.
1842 3929 1973 4004 medias
1995 3938 2058 4004 aut
2079 3952 2203 4026 parum

677 4077 815 4139 (rurore,
841 4058 902 4124 aut
931 4072 1070 4148 prorsus
1095 4047 1270 4147 negligere
1293 4047 1460 4122 solebant.
1512 4051 1613 4126 Quae
1638 4073 1715 4123 raro
1736 4050 1869 4124 fiebant
1891 4061 1953 4124 aut
1976 4049 2119 4124 modum
2142 4072 2202 4122 ea-

677 4175 797 4246 cedere
821 4172 1047 4258 videbantur,
1073 4193 1114 4244 ee
1135 4193 1217 4268 prae
1239 4167 1383 4268 reliquis
1404 4169 1449 4268 ad
1469 4169 1585 4242 Deum
1608 4167 1849 4258 fuisserelata,
1877 4170 1966 4244 ultro
1988 4168 2203 4268 intelligitur.

678 4293 736 4362 Ab
772 4291 932 4362 israelitis
963 4290 1009 4363 ad
1043 4289 1254 4362 Christianos
1283 4287 1367 4362 haec
1404 4287 1576 4363 sentiendi
1611 4288 1699 4363 ratio
1730 4290 1886 4375 transiit,
1911 4290 2017 4364 simul
2039 4313 2118 4362 vero
2142 4286 2202 4360 ali·

680 4419 849 4505 quantum
871 4407 1108 4505 degeneravit:
1130 4406 1224 4504 quod
1243 4407 1336 4481 enim
1357 4409 1532 4506 religionis
1551 4407 1694 4482 effatum
1712 4415 1814 4484 suma
1831 4409 1877 4484 ad
1899 4417 2012 4485 totum
2023 4430 2136 4482 rerum
2148 4428 2202 4480 or-

680 4530 796 4602 dinem
822 4526 1037 4625 pertinebat,
1061 4525 1153 4599 idem
1181 4533 1264 4598 tunc
1290 4526 1335 4599 ad
1357 4535 1450 4600 certa
1472 4529 1644 4624 quaedam
1664 4526 1755 4602 facta
1778 4530 1983 4628 restringere
2003 4532 2202 4626 coeperunt.

681 4648 848 4722 Nondum
876 4658 952 4720 orta
978 4653 1052 4720 erat
1074 4669 1115 4719 ea
1138 4653 1250 4720 aetate
1274 4645 1369 4718 notio
1389 4655 1456 4721 τοῦ
1482 4649 1653 4741 κόσμου,
1677 4671 1766 4746 quae
1790 4648 1890 4723 nobis
1910 4647 1992 4721 inde
2017 4644 2063 4720 ab
2084 4647 2203 4720 iuven·

682 4785 756 4844 tute
785 4764 961 4843 familiaris
991 4774 1062 4840 est:
1097 4762 1153 4838 hic
1183 4762 1253 4838 illic
1277 4787 1359 4839 sane
1381 4789 1563 4841 causarum
1586 4776 1623 4842 et
1647 4753 1832 4843 effectuum
1858 4792 1987 4844 nerum
2012 4765 2204 4841 naturalem
2257 4793 2270 4809 ·
