4967 6175
682 648 726 715 ΙΙ
1233 646 1259 711 1.
1294 644 1334 711 Α.
1367 644 1403 710 G.
1437 641 1656 711 ROVBRS

681 878 785 933 nemo
813 852 970 933 alacriter
1000 874 1087 927 usus
1118 850 1165 927 ad
1193 873 1255 942 ea,
1283 874 1375 951 quae
1397 847 1650 926 consuetudine
1670 854 1808 949 recepte
1830 855 1931 937 sunt,
1957 854 2139 949 tamquam
2162 849 2206 926 sd

682 999 805 1053 mum
835 972 1066 1049 adhaerescet.
1112 968 1211 1051 Quid
1234 968 1375 1045 mults?
1398 976 1440 1044 nt
1465 968 1586 1068 plures
1605 967 1797 1043 identidem
1822 990 1965 1043 marum
1988 967 2058 1043 sibi
2082 967 2205 1047 virium

681 1092 810 1172 conscii
833 1093 922 1169 fiant
946 1101 983 1167 et
1007 1090 1062 1165 his
1088 1090 1167 1165 freti
1196 1087 1327 1164 maiora
1352 1088 1616 1188 concupiscant,
1647 1110 1763 1161 rerum
1784 1086 2049 1164 utilissimarum
2066 1088 2208 1167 scientis

681 1212 805 1303 efficit,
839 1213 940 1289 ouius
973 1211 1116 1311 quidem
1150 1209 1401 1311 oompmundsa
1430 1208 1485 1284 ais
1506 1206 1639 1283 nemini
1661 1205 1921 1307 praecludendo
1937 1231 2015 1285 asse
2037 1218 2206 1287 oensetm.

679 1334 756 1409 Aut
791 1333 912 1422 folior,
946 1341 1010 1408 aut
1040 1331 1131 1406 hanc
1160 1331 1285 1406 astans
1311 1338 1449 1405 nostrae
1480 1326 1718 1403 condicionem
1753 1325 1860 1401 refert
1895 1326 1973 1403 sius
2007 1328 2206 1428 speculum,

681 1452 994 1553 Historiographia
1038 1451 1252 1527 Meministis
1283 1456 1509 1551 arguments,
1539 1470 1630 1547 quae
1653 1445 1737 1521 olim
1767 1444 1939 1521 historicis
1961 1447 2207 1525 moentionbus

679 1572 718 1649 in
741 1572 873 1649 deliciis
896 1572 1048 1648 fuerunt.
1095 1570 1195 1646 Belle
1216 1577 1252 1645 ot
1271 1592 1396 1671 regum
1419 1568 1492 1645 ists
1513 1578 1551 1643 et
1574 1568 1715 1669 politica
1738 1566 1897 1667 gesom
1924 1568 2080 1644 condioio
2103 1580 2208 1671 atque

680 1693 900 1769 necessitudo
933 1692 1125 1793 principem
1155 1690 1227 1767 iere
1258 1690 1297 1765 in
1319 1691 1476 1789 ipsorum
1500 1688 1665 1789 operibns
1689 1686 1805 1762 locum
1831 1686 2008 1764 meabant
2046 1688 2124 1765 Neo
2144 1690 2207 1765 cri·

679 1834 771 1889 rum.
822 1812 956 1887 Eadem
991 1811 1085 1887 enim
1118 1810 1155 1884 in
1182 1810 1259 1910 ipss
1279 1808 1418 1884 civitate
1441 1809 1570 1909 primas
1591 1807 1744 1908 agebant
1765 1814 1804 1881 et
1823 1808 2054 1884 secundaret
2076 1810 2207 1889 tertias·

680 1928 752 2007 Sed
778 1956 821 2005 ex
846 1956 917 2031 qno
944 1940 1101 2030 tempore
1121 1930 1190 2029 ipsi
1216 1930 1338 2030 populi
1362 1929 1591 2005 ostenderunt
1614 1953 1652 2003 sa
1671 1952 1748 2002 esse
1773 1932 2120 2029 membran,
2146 1930 2209 2010 hos

679 2050 782 2127 nobis
807 2049 1109 2151 Historiographia
1131 2048 1245 2149 primo
1268 2048 1523 2148 praecipuoque
1545 2048 1621 2123 loco
1641 2048 1928 2147 contemplandos
1951 2048 2116 2149 prsebere
2134 2058 2207 2126 stn-

681 2170 770 2247 duit.
821 2172 972 2272 Magnas
1004 2168 1158 2272 proiecto
1189 2168 1361 2244 habemus
1395 2168 1604 2268 egimusque
1632 2167 1763 2268 gratias
1788 2169 1958 2244 Actorum
1987 2167 2211 2268 politicorum

681 2290 1009 2392 investigatoribus,
1033 2296 1209 2389 quotquot
1230 2288 1268 2363 in
1286 2287 1342 2362 his
1358 2287 1626 2388 interpretandis
1649 2312 1696 2362 ss·
1714 2310 1817 2361 nosse
1842 2286 2011 2386 probent,
2042 2286 2131 2387 quid
2155 2287 2207 2363 di·

680 2419 778 2487 stent
800 2436 880 2507 aera
901 2410 1042 2512 lupinis.
1089 2410 1221 2485 Verum
1241 2408 1368 2510 optimi
1390 2408 1454 2483 riri
1476 2432 1522 2482 ne
1534 2408 1783 2509 indignentur,
1807 2406 2067 2484 siusosmrr
2085 2407 2209 2485 Histo-

667 2530 810 2607 ‘riarum
840 2532 957 2633 Caput
983 2530 1126 2607 tertium
1150 2528 1335 2630 egregium
1351 2552 1429 2605 esse
1454 2528 1626 2604 contendo
1653 2525 1816 2603 historiae
1846 2526 1979 2603 utiliter
2006 2526 2209 2606 mrihendaa
2333 2528 2336 2535 ’

679 2649 889 2750 exemplum.
950 2647 1083 2723 Verum
1118 2646 1242 2736 iudeo,
1276 2644 1372 2721 unde
1404 2646 1541 2724 deflexi
1591 2646 1631 2721 Si
1657 2670 1737 2723 vers
1760 2653 1865 2737 nm,
1888 2672 1980 2749 quas
2004 2649 2110 2725 modo
2136 2648 2212 2725 dis·

678 2766 793 2855 erui,
827 2788 915 2840 num
949 2766 1072 2866 populi
1104 2766 1368 2856 obmutescent,
1400 2767 1522 2845 sudits
1553 2766 1757 2867 Principum
1783 2791 1866 2843 roes
1890 2776 1964 2845 stat
1978 2794 2050 2867 pro
2073 2770 2211 2845 ratione

676 2884 859 2960 selectos?
896 2885 991 2960 Ante
1026 2894 1161 2985 septem
1195 2896 1233 2963 st
1261 2887 1494 2987 quadraginta
1517 2910 1627 2962 annor
1649 2884 1880 2961 deobonse
1905 2888 2091 2962 concilium
2115 2887 2211 2963 Deo-

676 3027 756 3078 rum
789 3002 834 3077 de
867 3004 1005 3104 populis
1034 3004 1159 3078 statuit
1188 3012 1370 3104 tamquam
1401 3004 1446 3079 de
1476 3005 1671 3106 pecoribus
1721 3004 1870 3078 Biennio
1898 2994 2027 3081 abhinc
2051 3008 2211 3082 Deorum

676 3121 734 3198 ilia
758 3129 874 3222 peter,
899 3123 962 3222 qui
987 3147 1254 3223 nonnumquam
1278 3133 1392 3197 totum
1414 3131 1507 3198 nutu
1533 3123 1725 3199 tremefecit
1747 3123 1960 3227 Olympum,
1984 3124 2076 3201 oises
2099 3127 2213 3203 lotos

677 3241 722 3317 de
752 3241 922 3318 mutsnda
956 3242 1088 3344 patris,
1123 3266 1337 3342 quemquam
1370 3241 1574 3335 subridens,
1608 3243 1646 3318 in
1681 3242 1888 3344 suffragium
1916 3243 2023 3320 misit
2068 3245 2213 3322 Scilicet

677 3360 887 3464 populorum
919 3386 1035 3438 voeem
1067 3387 1113 3437 ne
1143 3371 1220 3437 tum
1244 3361 1410 3463 quidem,
1443 3389 1554 3464 quum
1578 3363 1683 3440 verba
1704 3363 1856 3452 dautur,
1889 3363 2006 3464 sperni
2028 3387 2130 3464 posse
2154 3364 2211 3440 in·

677 3481 858 3581 telligitur.
908 3481 1085 3557 Infelicem
1116 3483 1315 3573 Austrism,
1344 3482 1447 3559 ouius
1469 3485 1749 3574 Gubematorss,
1774 3482 1841 3558 etsi
1859 3485 2008 3560 testium
2036 3483 2105 3560 clio
2126 3508 2209 3560 avo·

679 3600 835 3676 cantium
866 3599 961 3676 nube
993 3601 1120 3690 cincti,
1155 3601 1192 3676 in
1226 3601 1373 3702 pristina
1406 3612 1626 3703 perseverant
1647 3603 1861 3693 temeritate,
1884 3603 1981 3678 houd
2005 3611 2210 3704 reputantes

679 3717 768 3792 illud
803 3743 868 3794 cae
900 3721 1024 3796 mos!
1070 3721 1136 3795 no
1167 3721 1262 3796 enim
1291 3722 1383 3797 inter
1416 3723 1611 3824 praesentia
1638 3733 1676 3799 et
1698 3723 1883 3824 praeterita
1902 3723 2026 3816 filum,
2051 3745 2210 3799 arsan-

681 3859 862 3913 nronrar
895 3839 1040 3916 minime
1076 3839 1247 3930 innisum,
1281 3849 1403 3917 contra
1432 3851 1627 3944 temporum
1663 3844 1850 3920 momentis
1887 3843 2034 3920 firmiter
2067 3843 2209 3920 robore

681 3963 770 4033 tum.
821 3959 903 4038 Qua
934 3959 979 4034 de
1008 3985 1046 4036 re
1071 3960 1103 4034 si
1124 3960 1257 4035 nemini
1281 3985 1365 4036 sano
1387 3961 1548 4038 dubitare
1570 3962 1669 4053 licet,
1694 3962 1821 4053 huben,
1846 3964 1892 4039 A.
1915 3963 1983 4053 A„
2007 3963 2103 4063 qnod
2122 3962 2210 4038 inde

680 4077 818 4155 ducam.
984 4083 988 4092 “

734 4311 796 4388 Er¹
828 4311 930 4388 dictis
960 4315 1056 4391 enim
1088 4317 1154 4394 hoo
1178 4318 1368 4396 concludo:
1405 4323 1513 4397 Aetas
1543 4328 1663 4400 nostra
1692 4320 1935 4421 optimatibus
1966 4328 2003 4395 at
2026 4318 2207 4395 oiutstam

684 4429 892 4506 Rectonbus
923 4443 977 4508 est
1004 4434 1192 4534 supientiae
1219 4438 1396 4537 magistra
1449 4441 1557 4520 Quod
1578 4449 1695 4518 tamen
1717 4465 1788 4516 non
1810 4441 1861 4517 sio
1881 4438 2059 4541 accipistis
2083 4437 2207 4527 aelim·

685 4560 726 4628 ut
757 4550 891 4652 opinari
923 4552 1040 4629 videar
1071 4561 1207 4654 praeter
1239 4556 1304 4631 hos
1328 4557 1503 4634 neminem
1525 4560 1671 4650 eximia,
1700 4584 1808 4660 qusrn
1829 4560 1923 4650 diri,
1955 4557 2112 4658 indigere
2133 4580 2207 4632 ma

685 4673 805 4774 gistra.
865 4673 960 4774 Ergo
992 4673 1121 4749 artium
1157 4681 1194 4749 et
1222 4674 1456 4752 doctrinarum
1480 4688 1737 4779 praeceptores,
1766 4676 1953 4778 Emngelii
1977 4677 2207 4774 Interpretea,

686 4792 736 4881 ii,
760 4791 822 4892 qni
844 4790 881 4870 in
903 4791 1010 4869 rebus
1030 4791 1176 4894 agendis
1199 4803 1399 4883 vomantur,
1414 4802 1452 4870 et
1472 4793 1647 4872 innumeri
1667 4797 1727 4874 alii
1747 4797 1880 4874 nihilne
1899 4795 2088 4885 heberent,
2110 4793 2209 4911 quod
