4967 6175
905 672 1184 742 ORATIO.
1762 669 1805 739 37

284 883 390 959 etiam
419 881 575 959 omnium
612 905 729 957 amore
765 880 832 955 tibi
861 880 1075 956 conciliando
1103 878 1207 955 rebus
1240 877 1321 953 Tibi
1354 876 1527 954 mandatis
1559 877 1689 976 optime
1725 902 1803 976 pro·

285 1001 433 1101 spicere!
1300 994 1304 1004 ’

333 1121 388 1194 Ex
422 1118 573 1195 emeritis
599 1116 855 1193 Professoribus
885 1116 1020 1193 nullum
1055 1123 1165 1192 morta
1196 1115 1388 1191 amisimus.
1437 1116 1718 1209 Txnnnannurr,
1743 1120 1806 1219 qui

286 1239 351 1313 boc
383 1236 440 1312 die
476 1237 565 1314 festo
598 1238 718 1313 adesse
754 1237 904 1327 solebat,
940 1260 1042 1337 aegre
1076 1234 1330 1310 desideramus:
1367 1258 1486 1311 senem
1509 1238 1707 1336 nuperrime
1733 1240 1806 1315 filio
1856 1234 1861 1251 “

286 1356 508 1433 ddectissimo
543 1365 579 1433 et
609 1364 714 1457 nepte
744 1357 906 1433 orbatum
938 1356 1006 1431 Dei
1036 1379 1166 1431 numen
1200 1362 1371 1429 sustentet
1394 1360 1430 1428 et
1454 1357 1667 1431 consoletur!
1701 1360 1804 1436 Prae·

287 1484 402 1552 sentes
433 1476 506 1552 Vos
534 1477 730 1577 adspicere,
766 1475 956 1553 Clarissimi
987 1498 1061 1549 vau
1088 1498 1235 1549 annona
1260 1483 1295 1548 et
1318 1498 1437 1563 nnn,
1461 1475 1698 1575 gratissimum
1720 1478 1807 1553 mihi

287 1604 353 1671 est.
401 1596 578 1671 Admirati
610 1595 767 1695 quotidie
800 1596 963 1671 solemus
979 1595 1140 1671 Vestram
1171 1594 1304 1693 ingenii
1336 1595 1630 1693 perspicacitatem
1656 1606 1692 1672 et
1711 1599 1806 1674 labo·

285 1739 366 1791 rum
398 1716 621 1815 patientiam,
657 1716 786 1815 quibus
816 1715 1014 1789 etiamnunc
1041 1715 1142 1789 nobis
1165 1713 1361 1789 iunioribus
1386 1715 1544 1813 exemplo
1564 1717 1657 1792 estis.
1707 1718 1808 1793 Inoo·

284 1834 398 1911 lumea
429 1834 502 1908 Vos
540 1842 651 1908 servet
684 1835 803 1923 Deus,
839 1835 896 1909 cui
925 1858 988 1933 pro
1020 1834 1131 1909 salute
1161 1833 1286 1908 Vestra
1318 1841 1396 1907 vota
1430 1842 1634 1933 nuncupant
1669 1839 1810 1945 cuncti,

288 1953 416 2055 quibus
437 1952 610 2051 theologia
640 1960 676 2026 et
703 1952 891 2051 philologia
913 1953 978 2029 rite
1002 1953 1157 2028 excultae
1179 1977 1282 2027 curae
1303 1951 1467 2049 cordique
1491 1954 1592 2026 sunt!

336 2072 479 2173 Optime
510 2070 583 2147 Vos
616 2071 660 2146 de
692 2071 881 2147 Academia
909 2071 1110 2161 meremini,
1142 2068 1334 2143 Clarissimi
1355 2089 1520 2143 annonas
1544 2076 1580 2143 et
1604 2095 1718 2160 noer,
1744 2076 1807 2173 qui

287 2192 353 2267 hoc
382 2216 473 2267 anno
502 2213 717 2267 1orrraonrn1
750 2192 865 2267 locum
894 2191 931 2265 in
964 2190 1132 2267 tradenda
1159 2187 1386 2289 grammatica
1408 2188 1548 2287 linguae
1572 2190 1754 2268 Hebraeae
1775 2203 1812 2269 et

288 2310 512 2387 dialeotmurn
536 2311 694 2386 affinium
717 2310 877 2411 supplere
899 2310 1065 2386 voluistis.
1115 2310 1216 2401 Quod
1238 2332 1349 2408 quum
1369 2317 1469 2407 grato
1489 2310 1605 2384 animo
1623 2322 1813 2411 agnoscant

288 2428 480 2529 theologiae
506 2428 675 2518 studiosi,
700 2438 778 2503 tum
800 2428 977 2529 egregiam
999 2427 1160 2502 Vestram
1186 2427 1441 2503 institutionem
1465 2428 1628 2505 laudibus
1650 2434 1814 2509 extollere

290 2548 409 2625 solent.
465 2548 623 2651 Accipite
658 2555 797 2648 grates,
830 2574 918 2648 quas
950 2547 1060 2623 Vobis
1092 2572 1163 2623 non
1194 2554 1332 2623 tanturn
1365 2547 1449 2622 ordo
1484 2548 1722 2648 theologorum
1752 2554 1814 2628 sed

288 2676 361 2743 tota
386 2669 575 2744 Academia
600 2668 725 2743 debetl

339 2788 477 2863 Placuit
506 2789 767 2887 Angustissimo
800 2787 892 2887 Regi
912 2787 1001 2863 duos
1026 2812 1045 2861 e
1069 2787 1307 2861 Professorum
1332 2809 1476 2859 numero
1499 2787 1626 2861 Leonis
1643 2787 1815 2886 *Naadou-

291 2907 361 2982 dici
382 2906 518 3005 equites
536 2932 671 2996 creare,
700 2930 904 2982 armenon
925 2930 1128 2982 ooxnnnmr
1150 2927 1378 2980 annnsanon
1393 2927 1580 2979 somnone
1594 2914 1629 2979 ct
1643 2930 1818 2983 onnonurr

292 3048 506 3100 cremnon
540 3048 668 3100 coare.
718 3026 898 3116 Quomodo
931 3048 995 3099 nos
1021 3024 1065 3098 de
1090 3023 1199 3098 Vobis
1224 3022 1433 3110 sentiamus,
1458 3024 1619 3124 Collegae
1644 3035 1817 3104 aestuma-

67 3131 84 3148 ““
291 3143 435 3218 fissimil
472 3143 542 3217 iarn
576 3143 725 3218 dudum·
748 3143 902 3218 novistis.
952 3143 1046 3241 Ergo
1078 3140 1132 3216 vel
1158 3148 1293 3216 tacente
1318 3165 1375 3213 me
1401 3141 1611 3241 intelligitis,
1644 3147 1820 3244 quamsit

292 3261 393 3338 nobis
427 3269 566 3362 gratum
601 3270 637 3336 et
668 3271 867 3363 acceptum,
903 3261 998 3362 quod
1027 3287 1049 3336 a
1080 3261 1179 3359 Rege
1207 3261 1365 3358 Eiusque
1399 3262 1600 3338 consiliariis
1633 3263 1818 3341 honorifice

294 3389 529 3481 agnoscrmtur
561 3382 736 3481 praeclara
771 3390 883 3457 vestm
912 3381 1086 3456 institutio
1111 3388 1146 3454 et
1171 3379 1215 3454 de
1242 3380 1350 3460 literis
1373 3381 1514 3468 merita,
1544 3380 1708 3458 laudibus
1731 3386 1819 3460 meis
1882 3447 1886 3454 .

294 3500 444 3590 maiora,
479 3500 614 3576 civibus
645 3502 841 3602 exterisque
873 3501 979 3600 probe
1012 3500 1160 3600 cognito.
1221 3499 1366 3574 Utinam
1394 3524 1456 3599 per
1484 3501 1624 3599 longam
1649 3513 1818 3579 annorum

296 3620 417 3694 seriem
439 3627 475 3695 et
494 3621 645 3696 nominis
667 3621 786 3696 Vestri
806 3620 1040 3696 celebritatem
1061 3627 1097 3693 et
1117 3618 1328 3694 Academiae
1347 3619 1690 3719 Lugduno·Batavae
1705 3624 1818 3722 splen·

294 3738 411 3813 dorem
436 3739 526 3814 tueri
548 3747 584 3813 et
607 3763 737 3839 augere
760 3738 869 3813 Vobis
895 3738 1093 3838 contingatl

343 3858 399 3932 De
421 3857 529 3934 literis
554 3883 625 3934 non
651 3867 789 3936 tanturn
817 3858 937 3958 patriis
963 3856 1024 3932 sed
1049 3856 1207 3932 rmiverse
1230 3855 1446 3931 Germanicis
1472 3857 1603 3957 optime
1628 3868 1819 3936 merentem

298 3975 388 4051 Clar.
423 4001 473 4052 nn
503 4001 611 4053 varas
634 3979 671 4054 in
695 3979 918 4078 epistolarum
946 3975 989 4051 de
1015 4001 1051 4050 re
1073 3975 1222 4050 literaria
1245 3977 1490 4054 commercium
1513 3979 1685 4077 cooptavit
1707 3981 1819 4080 Regia

299 4095 527 4171 Sciantiarum
561 4099 751 4174 Academia
781 4097 975 4172 Borussica.
1026 4097 1138 4185 Quem
1169 4094 1352 4184 honorem,
1386 4120 1408 4169 a
1437 4096 1517 4170 viris
1550 4097 1674 4174 barum
1703 4123 1819 4173 rerum

297 4214 514 4313 peritissimis
545 4217 581 4292 in
615 4219 664 4293 Te
698 4217 883 4305 collatum,
914 4240 994 4303 nos,
1029 4214 1235 4290 amicissime
1268 4237 1317 4289 nn
1349 4235 1476 4302 verns,
1512 4239 1556 4288 ex
1586 4216 1703 4292 animo
1737 4218 1819 4292 Vibi

297 4335 523 4433 gratulemur.
584 4337 715 4428 Quodsi
747 4338 835 4412 forts
867 4335 1011 4424 Batavi,
1044 4358 1113 4408 non
1148 4333 1235 4408 adeo
1266 4341 1308 4408 ut
1337 4334 1387 4408 Te
1420 4334 1539 4435 magni
1568 4335 1718 4438 Ιἱειείιιιιῐ,
1756 4342 1819 4415 sed
1946 4373 1954 4384 ·

299 4461 340 4528 ut
376 4455 473 4530 Tuos
495 4455 628 4532 labores
653 4457 836 4546 adiuvent,
866 4456 1090 4531 incitamento
1109 4455 1269 4556 indigent
1289 4462 1472 4545 extraneo,
1506 4481 1548 4532 eo
1570 4457 1655 4534 haec
1676 4460 1818 4536 Germa·

299 4597 424 4649 norum
462 4575 507 4649 de
538 4577 587 4650 Te
622 4576 830 4654 existimatio
860 4576 1049 4666 conducat,
1086 4583 1127 4650 ut
1158 4575 1244 4652 Tuis
1274 4600 1337 4675 pro
1360 4577 1480 4676 patriis
1505 4576 1613 4653 literis
1636 4580 1817 4656 conatibus

299 4718 385 4770 suus
408 4703 544 4772 constet
567 4696 695 4772 honosl
