4967 6175
695 605 762 672 144
1174 605 1370 670 SERIES
1406 602 1738 670 trcrronuu.

742 814 997 911 Eoperimentis
1015 817 1051 884 et
1070 812 1347 909 indepationidas
1357 811 1600 911 physiolopicia
1620 817 1656 886 et
1677 813 1921 910 microsoopiass
1940 810 1978 885 in
1998 809 2222 886 laboratorio

692 931 924 1032 physiologice
948 928 1104 1028 quotidie
1129 930 1277 1030 praeerit
1301 955 1333 1006 r.
1359 955 1392 1007 c.
1419 953 1602 1007 corneae.

739 1051 931 1150 Biolcpiam
937 1051 1130 1150 pecoralem
1143 1057 1293 1149 exponet
1305 1073 1337 1126 r.
1351 1073 1383 1125 c.
1397 1057 1586 1138 sonoras,
1601 1048 1728 1125 diebus
1740 1048 1907 1124 Mercurii
1920 1055 1957 1124 et
1969 1048 2074 1138 louis,
2088 1048 2219 1125 horeb

740 1171 998 1268 Patiolopiam,
1034 1169 1245 1245 sectionibus
1280 1169 1457 1245 cadaveris
1491 1170 1722 1258 illustratam,
1757 1169 1872 1244 tradet
1905 1193 1936 1245 r.
1966 1194 1999 1246 c.
2031 1192 2220 1259 nonum,

692 1289 816 1366 diebus
841 1291 966 1365 Martis
987 1298 1022 1364 et
1047 1283 1153 1378 lovis,
1179 1290 1264 1365 bora
1286 1292 1353 1378 IX,
1380 1290 1505 1365 diebus
1528 1290 1651 1364 Lunae
1677 1296 1714 1365 et
1739 1289 1902 1378 Veneria,
1927 1289 2012 1364 bora
2036 1290 2078 1364 X.

740 1413 925 1488 Matericm
976 1412 1136 1484 medicam
1185 1418 1221 1483 et
1265 1409 1451 1509 praecipua
1494 1411 1672 1508 tierapiae
1703 1411 1879 1509 paeane
1915 1409 2030 1508 capita
2073 1417 2219 1508 exponet

692 1555 725 1604 o.
753 1555 777 1604 1.
808 1553 947 1619 conco,
983 1529 1108 1604 diebus
1144 1530 1288 1618 Lunae,
1327 1529 1493 1604 Mercurii
1529 1537 1564 1604 et
1604 1528 1770 1618 Veneris,
1806 1529 1891 1606 hora
1921 1531 1969 1619 11,
2007 1536 2087 1629 post
2120 1529 2218 1606 ferias

691 1656 809 1725 autem
832 1650 1018 1736 hiemales,
1044 1649 1102 1723 die
1125 1649 1290 1736 Veneris,
1316 1648 1401 1724 hora
1425 1650 1483 1724 lit

741 1771 978 1868 Paitolopiam
1011 1778 1046 1843 et
1083 1770 1271 1867 therapium
1306 1771 1485 1868 specialem
1526 1769 1640 1843 tradet
1675 1795 1710 1844 e.
1750 1793 1775 1844 1.
1812 1791 1952 1859 conco,
1989 1769 2047 1844 die
2082 1769 2218 1861 Lunae,

694 1889 776 1964 bora
801 1889 900 1976 Vltl,
927 1888 1053 1964 diebus
1080 1889 1205 1964 Martis
1228 1898 1265 1964 et
1291 1889 1395 1977 lovis,
1422 1888 1505 1966 hora
1530 1890 1588 1964 ΙΧ.

743 2011 1021 2084 Eccroitationcs
1045 2011 1185 2084 clinicae
1205 2012 1240 2083 in
1268 2018 1345 2083 aree
1369 2011 1497 2084 medica
1524 2009 1680 2107 quotidie
1708 2007 1944 2083 moderabitur
1966 2033 2001 2084 o.
2029 2033 2054 2086 1.
2080 2033 2217 2102 ronco,

694 2129 778 2203 bora
802 2131 866 2216 Xl,
892 2130 928 2202 in
955 2128 1161 2204 Nosocomio
1186 2129 1406 2205 Academico.

743 2249 922 2322 Theoriam
949 2252 1037 2323 artis
1066 2250 1276 2346 ctirorpicae
1307 2249 1420 2324 tradet
1442 2274 1476 2324 n.
1500 2272 1531 2324 c.
1562 2271 1636 2322 vrrs
1659 2269 1901 2337 eounouvrn,
1927 2247 2054 2326 diebus
2075 2249 2216 2342 Martia,

695 2368 861 2443 Mercurii
886 2377 922 2440 et
947 2368 1109 2457 Veneris,
1136 2369 1219 2442 hora
1244 2367 1334 2443 vul.

740 2490 1017 2564 Encrcitationes
1040 2489 1257 2586 policlinicae
1286 2491 1325 2562 in
1355 2495 1433 2563 arte
1465 2488 1658 2587 chirarpica
1679 2494 1715 2562 et
1740 2489 2058 2586 ophthalmiatrica,
2095 2490 2216 2565 diebus

689 2607 829 2696 Lunae,
861 2607 1045 2695 Mercurii,
1078 2607 1223 2682 Veneris
1252 2615 1288 2682 et
1312 2607 1475 2694 Saturni,
1500 2607 1585 2682 hora
1609 2609 1676 2696 1X;
1702 2609 1864 2697 clinicae,
1889 2617 1967 2684 tum
1994 2609 2219 2710 chirarpiaas,

688 2736 766 2803 tum
782 2729 1112 2826 ophthalmiotrioae,
1138 2727 1263 2804 diebus
1283 2728 1427 2817 Martis,
1453 2729 1541 2806 Iovis
1560 2738 1597 2805 et
1619 2730 1780 2821 Saturni,
1807 2730 1890 2806 bora
1910 2732 1961 2820 X,
1986 2730 2219 2808 moderabitur

692 2873 725 2922 x.
751 2872 784 2921 c.
810 2871 884 2921 vnn
900 2857 1144 2936 'conservum
1170 2848 1206 2923 in
1232 2849 1442 2924 Nosooomio
1465 2849 1685 2926 Academico.

746 2969 1007 3064 operationibus
1032 2971 1250 3067 edirsrpicis,
1284 2970 1322 3042 in
1348 2972 1515 3045 cadavere
1538 2972 1781 3058 instituendis,
1806 2969 1962 3069 qualibet
1983 2969 2102 3048 oblata
2126 2996 2219 3048 occa·

694 3087 808 3177 sione,
835 3090 982 3187 praeerit
1007 3114 1041 3162 12.
1068 3114 1100 3163 c.
1128 3112 1202 3163 vnn
1228 3112 1462 3165 ooooorvnn.

740 3208 927 3307 Delspondi
953 3210 1211 3283 eructationes
1235 3207 1473 3282 moderabitur
1496 3231 1528 3281 u.
1551 3230 1584 3283 o.
1608 3229 1682 3281 vnn
1708 3230 1947 3296 oouoosvre,
1975 3209 2032 3283 die
2056 3210 2219 3302 Saturni,

691 3326 774 3401 bora
799 3326 887 3401 vul.

699 3492 708 3503 -
739 3448 837 3521 Artes
858 3448 1072 3521 obstetricias
1093 3448 1257 3523 theoriam
1278 3454 1428 3545 exponat
1452 3471 1486 3521 u.
1512 3470 1545 3523 c.
1571 3468 1902 3536 vanoouoorvnn,
1927 3444 2051 3521 diebus
2073 3447 2218 3537 Martis,

691 3563 857 3638 Mercurii
887 3572 924 3638 et
952 3565 1060 3651 Iovis,
1088 3567 1170 3641 bora
1198 3570 1227 3653 13
1254 3566 1393 3639 morbos
1420 3589 1669 3664 puerperarum
1692 3572 1729 3640 et
1754 3574 2000 3654 neonotorum,
2025 3566 2083 3641 die
2109 3565 2218 3655 lovis,

691 3682 775 3756 bora
799 3682 887 3757 vlu.

739 3804 1055 3877 Eoeroitationibns
1081 3803 1283 3878 obstetriciis
1304 3805 1470 3899 pesenae
1492 3803 1641 3901 praeerit
1666 3830 1698 3880 e.
1723 3828 1757 3881 o.
1785 3828 1859 3879 vnn
1885 3828 2128 3895 eounorvra,
2160 3805 2218 3882 die

689 3920 830 4010 Lunae,
860 3921 943 3995 horo
968 3922 1094 4007 xil-11,
1121 3921 1177 3995 die
1204 3922 1347 3997 Veneris
1374 3923 1456 3998 hora
1478 3923 1512 4012 1,
1539 3924 1646 3998 etad
1671 3924 1937 4022 parturientium
1963 3926 2108 4001 lectulos
2132 3951 2218 4026 qua·

692 4039 777 4115 libet
801 4040 917 4116 oblata
941 4040 1128 4116 occasione.

743 4161 1066 4257 Opktdalnotopiaa
1098 4160 1236 4236 docebit
1260 4170 1296 4237 et
1320 4164 1579 4239 manationes
1604 4164 1746 4237 diuisas
1772 4165 1810 4235 in
1836 4164 2120 4259 ophthalmiam
2143 4186 2216 4239 mo·

690 4276 867 4350 derabitur
890 4302 921 4351 r.
946 4302 977 4353 c.
1003 4301 1191 4368 oenones,
1217 4280 1343 4356 diebus
1365 4282 1510 4371 Martis,
1535 4281 1623 4359 lovis
1648 4290 1684 4357 et
1704 4281 1865 4370 Saturni,
1890 4282 1975 4357 bora
1994 4284 2035 4360 ΙΙ.

739 4398 948 4470 Medicinam
968 4400 1142 4489 sesemen
1171 4408 1321 4495 exponet
1347 4424 1378 4475 r.
1401 4424 1434 4475 o.
1460 4424 1646 4491 mensae,
1679 4401 1804 4477 diebus
1823 4403 1963 4492 Lunae,
1989 4402 2158 4479 Mercurii
2181 4408 2217 4477 et

690 4514 856 4602 Veneris,
882 4513 965 4587 bora
991 4516 1029 4588 11.

699 4698 704 4707 .
738 4659 771 4709 n.
799 4658 830 4708 r.
857 4654 1049 4721 sonnusrr,
1082 4635 1240 4730 quamvis
1265 4660 1409 4711 munere
1429 4662 1493 4713 suo
1518 4663 1580 4739 per
1603 4645 1753 4716 aetatem
1777 4638 1824 4713 sit
1849 4638 2054 4730 defunctus,
2081 4638 2214 4716 civibus

687 4762 804 4829 tamen
829 4751 1035 4828 Academiae
1059 4752 1214 4850 qualibet
1237 4756 1495 4856 opportunitate
1519 4758 1682 4857 prodesse
1706 4767 1848 4860 paratus
1875 4759 1952 4835 erit.
