4967 6175
653 656 696 725 12
1245 655 1283 723 A.
1326 654 1588 722 Kuuuuu

532 952 534 957 ,
654 870 728 955 est,
764 862 847 939 riris
880 862 984 939 etiam
1016 860 1317 963 praeclarissimis,
1347 861 1478 963 quibus
1509 862 1585 937 iure
1609 883 1674 935 suo
1693 857 1850 933 Ecclesia
1872 855 2049 957 gloriatur.
2084 858 2185 933 Gur·

655 1005 791 1061 scarus
825 988 992 1081 uterque,
1025 980 1201 1081 NJaeem
1228 987 1266 1054 et
1297 980 1557 1068 Ncnbaaeacs,
1592 976 1807 1077 quinetiam
1833 976 1909 1077 ipse
1934 1000 2184 1068 accusamus,

655 1126 784 1177 nonne
800 1100 999 1177 Christiano
1025 1100 1166 1177 nomine
1187 1100 1325 1200 indigni
1349 1098 1514 1175 censendi
1538 1106 1642 1188 sunt,
1672 1097 1703 1175 si
1725 1097 1844 1197 placiti
1867 1096 2087 1173 Auselmisni
2107 1097 2185 1174 lau·

653 1220 791 1297 toribus
813 1220 1028 1321 permittitur
1049 1221 1096 1297 ad
1117 1219 1352 1320 magistriani
1374 1243 1533 1295 normam
1559 1242 1681 1295 ornnes
1701 1217 1881 1294 indicare?

708 1340 779 1417 Sed
811 1328 897 1419 baec
922 1340 1081 1417 attulisse
1108 1340 1291 1417 suffecerit.
1341 1340 1415 1419 uui
1436 1347 1517 1415 aute
1540 1339 1607 1415 tris
1630 1338 1745 1415 secarla
1767 1338 1812 1413 de
1834 1336 1957 1413 mem
1981 1344 2188 1437 argumenta

658 1448 871 1552 disserebat,
895 1462 927 1537 is
947 1459 1016 1537 nisi
1037 1459 1275 1559 exemplorum
1298 1457 1433 1558 copiam
1454 1458 1592 1535 afferret
1614 1483 1756 1535 oausam
1774 1456 1933 1532 obtinere
1953 1481 2024 1532 non
2041 1465 2185 1556 peterat.

657 1582 759 1657 Boua
788 1580 858 1656 lide
889 1590 974 1657 tnnc
1007 1578 1253 1656 existimabant
1279 1602 1421 1667 omnes,
1454 1578 1664 1678 theologiam
1688 1576 1955 1653 ecclesiasticam
1978 1578 2090 1677 magis
2113 1602 2187 1653 ma·

658 1702 784 1802 gisque
816 1707 956 1776 anctum
992 1699 1099 1775 irrisae
1134 1706 1170 1774 et
1201 1697 1431 1797 explicatam,
1468 1698 1678 1773 mutationes
1711 1721 1792 1772 vero
1826 1696 1963 1797 proprie
1994 1695 2045 1773 sic
2078 1695 2189 1772 dictas

659 1820 808 1895 subiisse
839 1820 964 1896 nullas.
1015 1819 1125 1895 Haud
1155 1843 1266 1918 pauca
1291 1828 1375 1893 tunc
1398 1816 1630 1893 credebantur
1649 1841 1725 1892 esse
1750 1815 1895 1916 placita,
1921 1840 2011 1915 quae
2032 1839 2188 1915 semper,

659 1965 750 2040 quae
784 1938 937 2039 ubique,
974 1964 1064 2039 quae
1099 1938 1143 2015 ab
1175 1937 1341 2013 omnibns
1372 1936 1521 2011 luissent
1554 1944 1702 2036 recepta.
1752 1935 1828 2015 Qui
1854 1959 1934 2011 vero
1958 1935 2076 2012 seculo
2100 1934 2190 2010 XVI

659 2058 771 2158 ipsius
800 2056 976 2157 religionis
1004 2056 1167 2166 tuendae
1186 2081 1292 2131 causa
1317 2056 1491 2132 Ecclesiae
1514 2038 1924 2132 auctoritatem'missam
1950 2054 2125 2145 lecerunt,
2151 2054 2190 2129 in

660 2179 727 2254 boc
760 2202 871 2253 errore
905 2192 1121 2278 perseverare
1151 2176 1248 2252 nullo
1278 2176 1382 2251 modo
1414 2184 1583 2276 poteraut.
1633 2177 1709 2276 Ipsi
1744 2200 1819 2251 rem
1851 2175 1986 2277 experti
2015 2175 2084 2251 sibi
2113 2198 2190 2275 per·

662 2322 805 2373 suasum
825 2282 1022 2388 habebant,
1047 2297 1323 2398 quamplurima
1343 2296 1472 2372 sensim
1491 2296 1670 2395 irrepsisse
1691 2295 1818 2395 placita
1835 2294 2037 2396 antiquitati
2050 2294 2191 2395 ignota,

660 2418 767 2493 buius
799 2440 879 2492 uero
910 2418 1102 2495 sententiae
1131 2418 1169 2492 iu
1202 2416 1380 2516 dogmatis
1413 2416 1599 2492 acrioribus
1632 2416 1777 2516 vestigia
1806 2439 1986 2517 superesse
2019 2414 2191 2515 pauciora.

661 2537 780 2615 Hodie
805 2537 948 2614 historia
970 2538 1175 2639 dogmatum
1198 2562 1219 2613 a
1241 2536 1361 2611 multis
1381 2536 1519 2613 exculta
1541 2536 1690 2612 dubium
1713 2536 1778 2611 bac
1801 2535 1845 2611 de
1868 2560 1907 2613 re
1926 2534 2091 2635 relinquit
2114 2534 2194 2609 nnl-

660 2658 747 2734 lum.
801 2656 924 2737 Quid?
949 2656 979 2732 si
1009 2658 1080 2733 iam
1106 2658 1143 2732 in
1163 2658 1210 2732 N.
1234 2655 1398 2731 Foederis
1417 2656 1515 2731 libris
1538 2665 1635 2733 tauta
1657 2655 1860 2756 opinionum
1882 2654 2061 2730 diversitas
2084 2677 2193 2753 agno-

498 2846 500 2851 .
662 2778 791 2867 scitur,
816 2784 857 2852 ut
879 2776 1058 2853 historiam
1077 2776 1270 2875 theologiae
1292 2774 1511 2851 Christianae
1534 2800 1596 2875 per
1615 2782 1765 2852 aetatem
1786 2775 2022 2875 Apostolicam
2046 2772 2195 2849 conscri-

662 2896 745 2973 bere
775 2896 932 2996 aggressi
967 2897 1058 2987 siut,
1093 2895 1213 2994 ecquis
1243 2919 1286 2969 eo
1310 2895 1551 2994 progredietur
1577 2895 1762 2985 anmdse,
1788 2904 1827 2972 ut
1858 2894 2080 2981 discrimina,
2106 2915 2195 2992 quse

663 3014 783 3091 seriori
805 3023 918 3089 aetate
942 3038 1016 3087 sese
1038 3013 1209 3100 offerunt,
1233 3010 1346 3085 multo
1368 3011 1517 3102 muers,
1543 3020 1605 3089 aut
1621 3021 1747 3114 neget,
1772 3022 1834 3092 aut
1852 3012 2016 3114 obtegere
2033 3012 2197 3089 studeat?

714 3132 814 3208 Haec
843 3156 923 3207 vere
955 3131 1134 3208 diversitas
1164 3155 1233 3206 non
1265 3132 1484 3231 agnoscenda
1508 3142 1665 3224 tantum,
1690 3135 1753 3210 sed
1782 3133 2007 3235 intelligenda
2028 3132 2135 3208 etiam
2159 3136 2198 3205 et

666 3250 870 3352 explicanda
893 3259 964 3328 est:
999 3251 1060 3352 qui
1083 3251 1190 3352 igitur
1212 3252 1254 3325 fit
1276 3258 1317 3325 ut
1339 3260 1508 3351 perpetua
1530 3253 1575 3328 sit
1599 3253 1806 3354 dogmatum
1829 3263 2011 3354 tamquam
2033 3249 2198 3327 trauslor·

665 3373 792 3461 matic,
826 3396 941 3472 neque
969 3370 1127 3447 eamdem
1154 3371 1271 3471 potius
1297 3370 1506 3472 theologiam
1530 3373 1759 3474 profiteantur
1783 3375 1893 3451 variae
1921 3372 2200 3449 Christianorum

666 3491 824 3566 aetates?
882 3488 948 3565 Cui
982 3490 1177 3590 quaestioni
1209 3491 1408 3592 responderi
1443 3517 1512 3568 non
1549 3494 1697 3592 poterit,
1721 3493 1790 3568 uisi
1816 3494 1913 3594 prius
1938 3489 2133 3568 constiterit
2155 3488 2199 3563 da

666 3633 762 3684 nexu
783 3610 874 3686 iuter
899 3609 1100 3711 religionem
1125 3619 1160 3686 ct
1187 3611 1420 3710 dogmaticam
1444 3614 1688 3690 Christianam.
1747 3614 1839 3688 Sunt
1864 3614 1926 3714 qui
1951 3613 2046 3688 bunc
2069 3633 2200 3686 nexum

668 3737 837 3828 negantes
865 3729 936 3806 lere
966 3731 1197 3831 dogmaticam
1227 3731 1278 3806 nil
1300 3732 1396 3807 aliud
1418 3758 1493 3808 esse
1515 3734 1658 3810 credant
1679 3733 1747 3809 nisi
1767 3759 1891 3809 vanam
1913 3733 1958 3808 de
1979 3731 2086 3807 rebus
2105 3731 2199 3804 inco·

669 3849 777 3949 gnitis
801 3849 1104 3950 disceptationem,
1128 3875 1217 3950 quae
1240 3851 1270 3926 si
1291 3851 1345 3926 rel
1368 3854 1519 3928 maxime
1541 3852 1586 3928 ed
1609 3853 1749 3952 ingenie
1772 3853 1928 3928 acuenda
1952 3852 2122 3952 aptarit,
2147 3855 2199 3923 at·

669 3976 788 4044 tamen
813 3995 893 4045 cum
917 3969 987 4046 ritu
1011 3968 1161 4045 bominis
1191 3969 1262 4046 sive
1286 3971 1463 4072 religiosa,
1488 3974 1559 4048 sive
1582 3972 1708 4048 morali
1733 3973 1819 4048 nibil
1845 3996 2030 4049 ecmmnne
2053 3969 2198 4056 babeat,

671 4089 740 4164 nisi
773 4088 862 4164 lorte
893 4089 926 4164 ei
955 4088 1092 4166 obstare
1120 4089 1267 4166 dicende
1294 4091 1355 4181 sit,
1380 4091 1510 4192 quippe
1532 4117 1622 4192 quse
1644 4091 1777 4168 rabiem
1799 4093 2028 4192 theologicam
2053 4091 2201 4188 litesque

673 4208 927 4286 inextricabiles
958 4211 1093 4287 excitet.
1144 4210 1354 4286 Invidiosius
1377 4236 1484 4310 quam
1513 4210 1627 4288 verius
1648 4212 1700 4286 ita
1721 4212 1867 4302 dicitur,
1891 4214 1991 4287 AAl
2041 4211 2119 4290 Qui
2140 4208 2202 4283 ali·

635 4387 638 4394 .
674 4351 781 4428 quam
805 4331 1012 4405 contraxerit
1035 4355 1115 4406 cum
1143 4329 1348 4430 dogmaticis
1371 4339 1443 4407 mm
1468 4330 1724 4431 antiquioribus
1746 4355 1851 4430 quam
1878 4328 2129 4406 recentioribus
2152 4326 2202 4401 lu-

672 4444 928 4550 milisritatem,
961 4445 1098 4546 iniquas
1130 4446 1232 4522 basce
1267 4448 1523 4524 criminationes
1556 4456 1680 4548 sponte
1712 4449 1921 4552 repudiabit.
1972 4450 2053 4523 Non
2089 4469 2204 4522 meras

677 4564 852 4664 argutius,
878 4564 941 4639 sed
965 4587 1020 4640 res
1042 4565 1147 4640 serias
1175 4566 1264 4676 serio
1288 4567 1482 4644 tractabant
1500 4590 1702 4659 amasses,
1727 4593 1929 4659 cararum,
1955 4589 2203 4655 accusamus,

677 4683 757 4772 alii,
790 4690 963 4783 quotquot
997 4683 1189 4760 doctrinam
1224 4685 1458 4762 Christianam
1478 4685 1736 4789 explicuerunt,
1761 4691 1877 4790 quisi
1899 4689 2077 4765 interdum
2099 4709 2204 4786 quse·

680 4805 811 4881 stiones
840 4802 1039 4903 agitabant,
1071 4827 1160 4904 quae
1185 4803 1287 4880 nobis
1309 4805 1451 4882 leviores
1475 4806 1655 4898 ridentur,
1680 4810 1794 4886 seculo
1817 4811 1882 4887 boe
1904 4807 2132 4886 tribuendum
2151 4813 2206 4880 est
