<?xml version="1.0" encoding="UTF-8"?>
<!DOCTYPE html PUBLIC "-//W3C//DTD XHTML 1.0 Transitional//EN"
    "http://www.w3.org/TR/xhtml1/DTD/xhtml1-transitional.dtd">
<html xmlns="http://www.w3.org/1999/xhtml" xml:lang="en" lang="en">
 <head>
  <title>
</title>
<meta http-equiv="Content-Type" content="text/html;charset=utf-8" />
  <meta name='ocr-system' content='tesseract 3.04.00' />
  <meta name='ocr-capabilities' content='ocr_page ocr_carea ocr_par ocr_line ocrx_word'/>
</head>
<body>
  <div class='ocr_page' id='page_1' title='image "annalesacademic09unkngoog_0028.png"; bbox 0 0 4967 6175; ppageno 0'>
   <div class='ocr_carea' id='block_1_1' title="bbox 687 640 1621 713">
    <p class='ocr_par' dir='ltr' id='par_1_1' title="bbox 687 640 1621 713">
     <span class='ocr_line' id='line_1_1' title="bbox 687 640 1621 713; baseline -0.011 0"><span class='ocrx_word' id='word_1_1' title='bbox 687 647 730 713; x_wconf 88' lang='lat'><strong>18</strong></span> <span class='ocrx_word' id='word_1_2' title='bbox 1283 640 1621 707; x_wconf 65' lang='lat' dir='ltr'><strong>nummu</strong></span> 
     </span>
    </p>
   </div>
   <div class='ocr_carea' id='block_1_2' title="bbox 678 841 2218 2024">
    <p class='ocr_par' dir='ltr' id='par_1_2' title="bbox 682 841 2218 1309">
     <span class='ocr_line' id='line_1_2' title="bbox 682 841 2215 949; baseline -0.001 -24"><span class='ocrx_word' id='word_1_3' title='bbox 682 856 906 949; x_wconf 85' lang='lat' dir='ltr'><strong>quaerentes,</strong></span> <span class='ocrx_word' id='word_1_4' title='bbox 932 848 1095 949; x_wconf 76' lang='lat' dir='ltr'><strong>dogmata</strong></span> <span class='ocrx_word' id='word_1_5' title='bbox 1117 846 1246 946; x_wconf 88' lang='lat' dir='ltr'><strong>pariter</strong></span> <span class='ocrx_word' id='word_1_6' title='bbox 1269 870 1333 924; x_wconf 86' lang='lat' dir='ltr'><strong>sua</strong></span> <span class='ocrx_word' id='word_1_7' title='bbox 1358 846 1395 924; x_wconf 92' lang='lat' dir='ltr'><strong>iu</strong></span> <span class='ocrx_word' id='word_1_8' title='bbox 1419 871 1461 921; x_wconf 89' lang='lat' dir='ltr'><strong>eo</strong></span> <span class='ocrx_word' id='word_1_9' title='bbox 1485 844 1678 921; x_wconf 84' lang='lat' dir='ltr'><strong>inueniunt.</strong></span> <span class='ocrx_word' id='word_1_10' title='bbox 1713 841 1868 919; x_wconf 77' lang='lat' dir='ltr'><strong>laudari</strong></span> <span class='ocrx_word' id='word_1_11' title='bbox 1887 842 2019 933; x_wconf 87' lang='lat' dir='ltr'><strong>solent,</strong></span> <span class='ocrx_word' id='word_1_12' title='bbox 2042 844 2106 943; x_wconf 87' lang='lat' dir='ltr'><strong>qui</strong></span> <span class='ocrx_word' id='word_1_13' title='bbox 2121 868 2215 925; x_wconf 86' lang='lat' dir='ltr'><strong>ccm-</strong></span> 
     </span>
     <span class='ocr_line' id='line_1_3' title="bbox 685 962 2218 1047; baseline -0.001 -1"><span class='ocrx_word' id='word_1_14' title='bbox 685 997 789 1047; x_wconf 84' lang='lat' dir='ltr'><strong>mune</strong></span> <span class='ocrx_word' id='word_1_15' title='bbox 810 969 875 1046; x_wconf 91' lang='lat' dir='ltr'><strong>hoc</strong></span> <span class='ocrx_word' id='word_1_16' title='bbox 897 968 1020 1045; x_wconf 89' lang='lat' dir='ltr'><strong>vitium</strong></span> <span class='ocrx_word' id='word_1_17' title='bbox 1047 965 1154 1042; x_wconf 83' lang='lat' dir='ltr'><strong>vitare</strong></span> <span class='ocrx_word' id='word_1_18' title='bbox 1178 976 1363 1043; x_wconf 78' lang='lat' dir='ltr'><strong>conamur:</strong></span> <span class='ocrx_word' id='word_1_19' title='bbox 1390 990 1468 1041; x_wconf 90' lang='lat' dir='ltr'><strong>eam</strong></span> <span class='ocrx_word' id='word_1_20' title='bbox 1495 990 1576 1040; x_wconf 81' lang='lat' dir='ltr'><strong>aero</strong></span> <span class='ocrx_word' id='word_1_21' title='bbox 1597 962 1790 1039; x_wconf 87' lang='lat' dir='ltr'><strong>laudemai</strong></span> <span class='ocrx_word' id='word_1_22' title='bbox 1819 962 2006 1039; x_wconf 78' lang='lat' dir='ltr'><strong>dunaeima</strong></span> <span class='ocrx_word' id='word_1_23' title='bbox 2031 964 2218 1044; x_wconf 73' lang='lat' dir='ltr'><strong>comitatur</strong></span> 
     </span>
     <span class='ocr_line' id='line_1_4' title="bbox 683 1082 2216 1188; baseline -0.003 -23"><span class='ocrx_word' id='word_1_24' title='bbox 683 1091 852 1179; x_wconf 87' lang='lat' dir='ltr'><strong>servitus,</strong></span> <span class='ocrx_word' id='word_1_25' title='bbox 882 1089 1046 1188; x_wconf 82' lang='lat' dir='ltr'>equidem</span> <span class='ocrx_word' id='word_1_26' title='bbox 1073 1112 1155 1165; x_wconf 91' lang='lat' dir='ltr'><strong>cum</strong></span> <span class='ocrx_word' id='word_1_27' title='bbox 1186 1086 1322 1185; x_wconf 79' lang='lat' dir='ltr'><strong>proavis</strong></span> <span class='ocrx_word' id='word_1_28' title='bbox 1349 1085 1456 1162; x_wconf 88' lang='lat' dir='ltr'><strong>libera</strong></span> <span class='ocrx_word' id='word_1_29' title='bbox 1479 1082 1748 1183; x_wconf 72' lang='lat' dir='ltr'><strong>circumvagari,</strong></span> <span class='ocrx_word' id='word_1_30' title='bbox 1774 1106 1880 1182; x_wconf 90' lang='lat' dir='ltr'><strong>quam</strong></span> <span class='ocrx_word' id='word_1_31' title='bbox 1905 1107 1987 1159; x_wconf 92' lang='lat' dir='ltr'><strong>cum</strong></span> <span class='ocrx_word' id='word_1_32' title='bbox 2011 1084 2216 1185; x_wconf 69' lang='lat' dir='ltr'><strong>aequalibus</strong></span> 
     </span>
     <span class='ocr_line' id='line_1_5' title="bbox 682 1208 1074 1309; baseline 0.005 -29"><span class='ocrx_word' id='word_1_33' title='bbox 682 1208 804 1309; x_wconf 80' lang='lat' dir='ltr'><strong>iugum</strong></span> <span class='ocrx_word' id='word_1_34' title='bbox 830 1208 919 1284; x_wconf 89' lang='lat' dir='ltr'><strong>lerre</strong></span> <span class='ocrx_word' id='word_1_35' title='bbox 944 1208 1074 1285; x_wconf 88' lang='lat' dir='ltr'><strong>malim.</strong></span> 
     </span>
    </p>

    <p class='ocr_par' dir='ltr' id='par_1_3' title="bbox 678 1321 2215 2024">
     <span class='ocr_line' id='line_1_6' title="bbox 732 1321 2213 1428; baseline 0.001 -25"><span class='ocrx_word' id='word_1_36' title='bbox 732 1329 802 1403; x_wconf 80' lang='lat' dir='ltr'><strong>Sed</strong></span> <span class='ocrx_word' id='word_1_37' title='bbox 836 1336 988 1428; x_wconf 80' lang='lat' dir='ltr'><strong>praestat</strong></span> <span class='ocrx_word' id='word_1_38' title='bbox 1016 1335 1168 1401; x_wconf 89' lang='lat' dir='ltr'><strong>mentem</strong></span> <span class='ocrx_word' id='word_1_39' title='bbox 1197 1350 1312 1401; x_wconf 90' lang='lat' dir='ltr'><strong>meam</strong></span> <span class='ocrx_word' id='word_1_40' title='bbox 1343 1350 1413 1401; x_wconf 91' lang='lat' dir='ltr'><strong>uno</strong></span> <span class='ocrx_word' id='word_1_41' title='bbox 1437 1323 1596 1423; x_wconf 84' lang='lat' dir='ltr'><strong>exemplo</strong></span> <span class='ocrx_word' id='word_1_42' title='bbox 1617 1344 1723 1422; x_wconf 90' lang='lat' dir='ltr'><strong>quam</strong></span> <span class='ocrx_word' id='word_1_43' title='bbox 1749 1321 1869 1398; x_wconf 88' lang='lat' dir='ltr'><strong>multis</strong></span> <span class='ocrx_word' id='word_1_44' title='bbox 1894 1322 2008 1399; x_wconf 83' lang='lat' dir='ltr'><strong>verbis</strong></span> <span class='ocrx_word' id='word_1_45' title='bbox 2031 1322 2213 1405; x_wconf 74' lang='lat' dir='ltr'><strong>illustrare</strong></span> 
     </span>
     <span class='ocr_line' id='line_1_7' title="bbox 682 1440 2215 1543; baseline 0 -22"><span class='ocrx_word' id='word_1_46' title='bbox 682 1448 829 1523; x_wconf 78' lang='lat' dir='ltr'><strong>Constat</strong></span> <span class='ocrx_word' id='word_1_47' title='bbox 848 1446 950 1522; x_wconf 90' lang='lat' dir='ltr'><strong>bodie</strong></span> <span class='ocrx_word' id='word_1_48' title='bbox 970 1443 1204 1521; x_wconf 69' lang='lat' dir='ltr'><strong>israelitarum</strong></span> <span class='ocrx_word' id='word_1_49' title='bbox 1223 1453 1318 1518; x_wconf 86' lang='lat' dir='ltr'><strong>vates</strong></span> <span class='ocrx_word' id='word_1_50' title='bbox 1335 1443 1380 1519; x_wconf 92' lang='lat' dir='ltr'><strong>de</strong></span> <span class='ocrx_word' id='word_1_51' title='bbox 1397 1440 1506 1543; x_wconf 79' lang='lat' dir='ltr'><strong>regno</strong></span> <span class='ocrx_word' id='word_1_52' title='bbox 1524 1441 1693 1517; x_wconf 87' lang='lat' dir='ltr'><strong>Davidico</strong></span> <span class='ocrx_word' id='word_1_53' title='bbox 1710 1441 1936 1518; x_wconf 86' lang='lat' dir='ltr'><strong>instaurando</strong></span> <span class='ocrx_word' id='word_1_54' title='bbox 1955 1442 2071 1542; x_wconf 90' lang='lat' dir='ltr'><strong>deque</strong></span> <span class='ocrx_word' id='word_1_55' title='bbox 2088 1468 2215 1521; x_wconf 79' lang='lat' dir='ltr'><strong>raoour</strong></span> 
     </span>
     <span class='ocr_line' id='line_1_8' title="bbox 680 1563 2212 1668; baseline 0.001 -27"><span class='ocrx_word' id='word_1_56' title='bbox 680 1568 845 1668; x_wconf 76' lang='lat' dir='ltr'><strong>progenie</strong></span> <span class='ocrx_word' id='word_1_57' title='bbox 877 1566 913 1640; x_wconf 90' lang='lat' dir='ltr'><strong>in</strong></span> <span class='ocrx_word' id='word_1_58' title='bbox 943 1565 1090 1665; x_wconf 87' lang='lat' dir='ltr'><strong>patriam</strong></span> <span class='ocrx_word' id='word_1_59' title='bbox 1125 1563 1280 1639; x_wconf 90' lang='lat' dir='ltr'><strong>reditura</strong></span> <span class='ocrx_word' id='word_1_60' title='bbox 1309 1576 1371 1640; x_wconf 90' lang='lat' dir='ltr'><strong>aut</strong></span> <span class='ocrx_word' id='word_1_61' title='bbox 1404 1572 1484 1664; x_wconf 88' lang='lat' dir='ltr'><strong>post</strong></span> <span class='ocrx_word' id='word_1_62' title='bbox 1510 1563 1662 1639; x_wconf 83' lang='lat' dir='ltr'><strong>raditum</strong></span> <span class='ocrx_word' id='word_1_63' title='bbox 1687 1588 1891 1639; x_wconf 84' lang='lat' dir='ltr'><strong>remansura</strong></span> <span class='ocrx_word' id='word_1_64' title='bbox 1913 1564 2098 1654; x_wconf 82' lang='lat' dir='ltr'><strong>cecinisse,</strong></span> <span class='ocrx_word' id='word_1_65' title='bbox 2122 1590 2212 1665; x_wconf 87' lang='lat' dir='ltr'><strong>quae</strong></span> 
     </span>
     <span class='ocr_line' id='line_1_9' title="bbox 679 1682 2212 1784; baseline 0.003 -25"><span class='ocrx_word' id='word_1_66' title='bbox 679 1703 823 1761; x_wconf 85' lang='lat' dir='ltr'><strong>eventus</strong></span> <span class='ocrx_word' id='word_1_67' title='bbox 856 1709 926 1761; x_wconf 88' lang='lat' dir='ltr'><strong>nou</strong></span> <span class='ocrx_word' id='word_1_68' title='bbox 962 1684 1131 1784; x_wconf 85' lang='lat' dir='ltr'><strong>explevit;</strong></span> <span class='ocrx_word' id='word_1_69' title='bbox 1166 1694 1302 1760; x_wconf 76' lang='lat' dir='ltr'><strong>consmt</strong></span> <span class='ocrx_word' id='word_1_70' title='bbox 1332 1685 1418 1761; x_wconf 88' lang='lat' dir='ltr'><strong>item</strong></span> <span class='ocrx_word' id='word_1_71' title='bbox 1451 1708 1534 1760; x_wconf 83' lang='lat' dir='ltr'><strong>mac</strong></span> <span class='ocrx_word' id='word_1_72' title='bbox 1563 1682 1768 1782; x_wconf 86' lang='lat' dir='ltr'><strong>Apostolos,</strong></span> <span class='ocrx_word' id='word_1_73' title='bbox 1806 1707 1878 1759; x_wconf 89' lang='lat' dir='ltr'><strong>una</strong></span> <span class='ocrx_word' id='word_1_74' title='bbox 1908 1708 1991 1760; x_wconf 93' lang='lat' dir='ltr'><strong>cum</strong></span> <span class='ocrx_word' id='word_1_75' title='bbox 2027 1683 2212 1783; x_wconf 65' lang='lat' dir='ltr'><strong>pomaeria</strong></span> 
     </span>
     <span class='ocr_line' id='line_1_10' title="bbox 679 1803 2212 1903; baseline 0.003 -25"><span class='ocrx_word' id='word_1_76' title='bbox 679 1806 885 1881; x_wconf 86' lang='lat' dir='ltr'><strong>Christiania</strong></span> <span class='ocrx_word' id='word_1_77' title='bbox 910 1804 1094 1893; x_wconf 85' lang='lat' dir='ltr'><strong>omnibus,</strong></span> <span class='ocrx_word' id='word_1_78' title='bbox 1120 1804 1271 1879; x_wconf 85' lang='lat' dir='ltr'><strong>Massiua</strong></span> <span class='ocrx_word' id='word_1_79' title='bbox 1294 1806 1446 1880; x_wconf 92' lang='lat' dir='ltr'><strong>reditum</strong></span> <span class='ocrx_word' id='word_1_80' title='bbox 1469 1814 1686 1902; x_wconf 85' lang='lat' dir='ltr'><strong>exspectasse</strong></span> <span class='ocrx_word' id='word_1_81' title='bbox 1708 1812 1744 1877; x_wconf 87' lang='lat' dir='ltr'><strong>et</strong></span> <span class='ocrx_word' id='word_1_82' title='bbox 1768 1820 1918 1903; x_wconf 80' lang='lat' dir='ltr'><strong>regnum</strong></span> <span class='ocrx_word' id='word_1_83' title='bbox 1939 1803 2097 1881; x_wconf 84' lang='lat' dir='ltr'><strong>divinum</strong></span> <span class='ocrx_word' id='word_1_84' title='bbox 2117 1804 2212 1883; x_wconf 81' lang='lat' dir='ltr'><strong>bisce</strong></span> 
     </span>
     <span class='ocr_line' id='line_1_11' title="bbox 678 1924 2211 2024; baseline 0.003 -27"><span class='ocrx_word' id='word_1_85' title='bbox 678 1924 713 1997; x_wconf 93' lang='lat' dir='ltr'><strong>in</strong></span> <span class='ocrx_word' id='word_1_86' title='bbox 746 1926 844 1999; x_wconf 85' lang='lat' dir='ltr'><strong>terris</strong></span> <span class='ocrx_word' id='word_1_87' title='bbox 868 1924 960 2001; x_wconf 88' lang='lat' dir='ltr'><strong>intra</strong></span> <span class='ocrx_word' id='word_1_88' title='bbox 981 1924 1072 1999; x_wconf 87' lang='lat' dir='ltr'><strong>vitae</strong></span> <span class='ocrx_word' id='word_1_89' title='bbox 1102 1948 1185 2001; x_wconf 86' lang='lat' dir='ltr'><strong>auae</strong></span> <span class='ocrx_word' id='word_1_90' title='bbox 1207 1924 1374 1999; x_wconf 88' lang='lat' dir='ltr'><strong>terminos</strong></span> <span class='ocrx_word' id='word_1_91' title='bbox 1394 1924 1634 2011; x_wconf 68' lang='lat' dir='ltr'><strong>condendum</strong></span> <span class='ocrx_word' id='word_1_92' title='bbox 1659 1946 1767 2021; x_wconf 89' lang='lat' dir='ltr'><strong>quam</strong></span> <span class='ocrx_word' id='word_1_93' title='bbox 1793 1948 1891 2022; x_wconf 92' lang='lat' dir='ltr'><strong>spem</strong></span> <span class='ocrx_word' id='word_1_94' title='bbox 1913 1925 2089 2024; x_wconf 90' lang='lat' dir='ltr'><strong>quomodo</strong></span> <span class='ocrx_word' id='word_1_95' title='bbox 2110 1948 2211 2001; x_wconf 86' lang='lat' dir='ltr'><strong>exco-</strong></span> 
     </span>
    </p>
   </div>
   <div class='ocr_carea' id='block_1_3' title="bbox 678 2041 2344 2144">
    <p class='ocr_par' dir='ltr' id='par_1_4' title="bbox 678 2041 2344 2144">
     <span class='ocr_line' id='line_1_12' title="bbox 678 2041 2344 2144; baseline 0.004 -27"><span class='ocrx_word' id='word_1_96' title='bbox 678 2045 781 2119; x_wconf 89' lang='lat' dir='ltr'><strong>luerit</strong></span> <span class='ocrx_word' id='word_1_97' title='bbox 808 2044 1063 2144; x_wconf 84' lang='lat' dir='ltr'><strong>Apocalypaeos</strong></span> <span class='ocrx_word' id='word_1_98' title='bbox 1092 2052 1212 2119; x_wconf 90' lang='lat' dir='ltr'><strong>auctor</strong></span> <span class='ocrx_word' id='word_1_99' title='bbox 1236 2043 1314 2119; x_wconf 84' lang='lat' dir='ltr'><strong>lure</strong></span> <span class='ocrx_word' id='word_1_100' title='bbox 1337 2044 1508 2144; x_wconf 85' lang='lat' dir='ltr'><strong>explicare</strong></span> <span class='ocrx_word' id='word_1_101' title='bbox 1529 2067 1598 2118; x_wconf 91' lang='lat' dir='ltr'><strong>non</strong></span> <span class='ocrx_word' id='word_1_102' title='bbox 1620 2042 1726 2115; x_wconf 84' lang='lat' dir='ltr'><strong>buius</strong></span> <span class='ocrx_word' id='word_1_103' title='bbox 1746 2041 1813 2117; x_wconf 88' lang='lat' dir='ltr'><strong>loci</strong></span> <span class='ocrx_word' id='word_1_104' title='bbox 1833 2050 1905 2131; x_wconf 85' lang='lat' dir='ltr'><strong>eat,</strong></span> <span class='ocrx_word' id='word_1_105' title='bbox 1930 2042 1993 2117; x_wconf 84' lang='lat' dir='ltr'><strong>aad</strong></span> <span class='ocrx_word' id='word_1_106' title='bbox 2013 2067 2118 2119; x_wconf 89' lang='lat' dir='ltr'><strong>namo</strong></span> <span class='ocrx_word' id='word_1_107' title='bbox 2140 2044 2210 2121; x_wconf 87' lang='lat' dir='ltr'><strong>Ve-</strong></span> <span class='ocrx_word' id='word_1_108' title='bbox 2340 2116 2344 2123; x_wconf 85' lang='grc'><em>,</em></span> 
     </span>
    </p>
   </div>
   <div class='ocr_carea' id='block_1_4' title="bbox 638 2160 2209 4892">
    <p class='ocr_par' dir='ltr' id='par_1_5' title="bbox 638 2160 2209 4774">
     <span class='ocr_line' id='line_1_13' title="bbox 679 2160 2208 2263; baseline 0.001 -26"><span class='ocrx_word' id='word_1_109' title='bbox 679 2182 789 2239; x_wconf 85' lang='lat' dir='ltr'><strong>strum</strong></span> <span class='ocrx_word' id='word_1_110' title='bbox 819 2164 966 2263; x_wconf 83' lang='lat' dir='ltr'><strong>ignorat.</strong></span> <span class='ocrx_word' id='word_1_111' title='bbox 1025 2162 1212 2237; x_wconf 89' lang='lat' dir='ltr'><strong>Ecclesiam</strong></span> <span class='ocrx_word' id='word_1_112' title='bbox 1245 2162 1477 2239; x_wconf 82' lang='lat' dir='ltr'><strong>Christianam</strong></span> <span class='ocrx_word' id='word_1_113' title='bbox 1503 2160 1700 2235; x_wconf 84' lang='lat' dir='ltr'><strong>universam</strong></span> <span class='ocrx_word' id='word_1_114' title='bbox 1734 2161 1915 2259; x_wconf 90' lang='lat' dir='ltr'><strong>usquead</strong></span> <span class='ocrx_word' id='word_1_115' title='bbox 1936 2163 2093 2237; x_wconf 87' lang='lat' dir='ltr'><strong>seculum</strong></span> <span class='ocrx_word' id='word_1_116' title='bbox 2118 2164 2208 2239; x_wconf 51' lang='grc' dir='ltr'><strong>ΒΜ</strong></span> 
     </span>
     <span class='ocr_line' id='line_1_14' title="bbox 678 2280 2207 2380; baseline 0.001 -23"><span class='ocrx_word' id='word_1_117' title='bbox 678 2284 836 2357; x_wconf 90' lang='lat' dir='ltr'><strong>eamdem</strong></span> <span class='ocrx_word' id='word_1_118' title='bbox 862 2285 906 2358; x_wconf 91' lang='lat' dir='ltr'><strong>de</strong></span> <span class='ocrx_word' id='word_1_119' title='bbox 927 2282 1033 2359; x_wconf 89' lang='lat' dir='ltr'><strong>rebus</strong></span> <span class='ocrx_word' id='word_1_120' title='bbox 1053 2282 1181 2357; x_wconf 81' lang='lat' dir='ltr'><strong>futuris</strong></span> <span class='ocrx_word' id='word_1_121' title='bbox 1206 2281 1431 2369; x_wconf 87' lang='lat' dir='ltr'><strong>sententiam,</strong></span> <span class='ocrx_word' id='word_1_122' title='bbox 1457 2306 1561 2380; x_wconf 90' lang='lat' dir='ltr'><strong>quam</strong></span> <span class='ocrx_word' id='word_1_123' title='bbox 1590 2280 1810 2355; x_wconf 84' lang='lat' dir='ltr'><strong>chiliuamum</strong></span> <span class='ocrx_word' id='word_1_124' title='bbox 1826 2280 1939 2357; x_wconf 86' lang='lat' dir='ltr'><strong>dicere</strong></span> <span class='ocrx_word' id='word_1_125' title='bbox 1954 2282 2126 2372; x_wconf 88' lang='lat' dir='ltr'><strong>solemus,</strong></span> <span class='ocrx_word' id='word_1_126' title='bbox 2149 2285 2207 2359; x_wconf 86' lang='lat' dir='ltr'><strong>lir-</strong></span> 
     </span>
     <span class='ocr_line' id='line_1_15' title="bbox 680 2399 2208 2499; baseline 0.002 -22"><span class='ocrx_word' id='word_1_127' title='bbox 680 2407 780 2479; x_wconf 83' lang='lat' dir='ltr'><strong>miter</strong></span> <span class='ocrx_word' id='word_1_128' title='bbox 803 2404 975 2491; x_wconf 87' lang='lat' dir='ltr'><strong>tenuisse,</strong></span> <span class='ocrx_word' id='word_1_129' title='bbox 1010 2400 1151 2476; x_wconf 88' lang='lat' dir='ltr'><strong>historia</strong></span> <span class='ocrx_word' id='word_1_130' title='bbox 1176 2401 1295 2477; x_wconf 87' lang='lat' dir='ltr'><strong>docet:</strong></span> <span class='ocrx_word' id='word_1_131' title='bbox 1321 2401 1439 2499; x_wconf 90' lang='lat' dir='ltr'><strong>itaque</strong></span> <span class='ocrx_word' id='word_1_132' title='bbox 1464 2426 1568 2476; x_wconf 89' lang='lat' dir='ltr'><strong>nemo</strong></span> <span class='ocrx_word' id='word_1_133' title='bbox 1592 2411 1676 2475; x_wconf 89' lang='lat' dir='ltr'><strong>tunc</strong></span> <span class='ocrx_word' id='word_1_134' title='bbox 1701 2399 1842 2497; x_wconf 77' lang='lat' dir='ltr'><strong>negavit</strong></span> <span class='ocrx_word' id='word_1_135' title='bbox 1865 2424 1943 2476; x_wconf 90' lang='lat' dir='ltr'><strong>eam</strong></span> <span class='ocrx_word' id='word_1_136' title='bbox 1969 2425 2086 2478; x_wconf 85' lang='lat' dir='ltr'><strong>revera</strong></span> <span class='ocrx_word' id='word_1_137' title='bbox 2110 2403 2208 2481; x_wconf 86' lang='lat' dir='ltr'><strong>libris</strong></span> 
     </span>
     <span class='ocr_line' id='line_1_16' title="bbox 677 2517 2209 2622; baseline 0.002 -25"><span class='ocrx_word' id='word_1_138' title='bbox 677 2524 782 2597; x_wconf 83' lang='lat' dir='ltr'><strong>sacris</strong></span> <span class='ocrx_word' id='word_1_139' title='bbox 815 2522 993 2597; x_wconf 80' lang='lat' dir='ltr'><strong>contineri.</strong></span> <span class='ocrx_word' id='word_1_140' title='bbox 1043 2524 1077 2597; x_wconf 83' lang='lat' dir='ltr'>A</span> <span class='ocrx_word' id='word_1_141' title='bbox 1105 2521 1220 2595; x_wconf 85' lang='lat' dir='ltr'><strong>seculo</strong></span> <span class='ocrx_word' id='word_1_142' title='bbox 1247 2546 1326 2597; x_wconf 86' lang='lat' dir='ltr'><strong>vero</strong></span> <span class='ocrx_word' id='word_1_143' title='bbox 1356 2522 1433 2609; x_wconf 57' lang='lat'><strong>35⁰,</strong></span> <span class='ocrx_word' id='word_1_144' title='bbox 1464 2522 1576 2597; x_wconf 89' lang='lat' dir='ltr'><strong>auctis</strong></span> <span class='ocrx_word' id='word_1_145' title='bbox 1603 2517 1880 2595; x_wconf 87' lang='lat' dir='ltr'><strong>Christianorum</strong></span> <span class='ocrx_word' id='word_1_146' title='bbox 1904 2521 2029 2611; x_wconf 84' lang='lat' dir='ltr'><strong>rebus,</strong></span> <span class='ocrx_word' id='word_1_147' title='bbox 2053 2522 2209 2622; x_wconf 85' lang='lat' dir='ltr'><strong>primum</strong></span> 
     </span>
     <span class='ocr_line' id='line_1_17' title="bbox 675 2637 2205 2741; baseline 0.004 -28"><span class='ocrx_word' id='word_1_148' title='bbox 675 2642 872 2739; x_wconf 86' lang='lat' dir='ltr'><strong>pauciores,</strong></span> <span class='ocrx_word' id='word_1_149' title='bbox 906 2639 987 2715; x_wconf 88' lang='lat' dir='ltr'><strong>dein</strong></span> <span class='ocrx_word' id='word_1_150' title='bbox 1018 2638 1155 2737; x_wconf 87' lang='lat' dir='ltr'><strong>pluras,</strong></span> <span class='ocrx_word' id='word_1_151' title='bbox 1185 2647 1266 2738; x_wconf 89' lang='lat' dir='ltr'><strong>post</strong></span> <span class='ocrx_word' id='word_1_152' title='bbox 1297 2662 1536 2715; x_wconf 77' lang='lat' dir='ltr'><strong>anouarrumr</strong></span> <span class='ocrx_word' id='word_1_153' title='bbox 1561 2637 1712 2737; x_wconf 90' lang='lat' dir='ltr'><strong>denique</strong></span> <span class='ocrx_word' id='word_1_154' title='bbox 1739 2662 1860 2714; x_wconf 85' lang='lat' dir='ltr'><strong>omues</strong></span> <span class='ocrx_word' id='word_1_155' title='bbox 1883 2641 1974 2720; x_wconf 90' lang='lat' dir='ltr'><strong>hanc</strong></span> <span class='ocrx_word' id='word_1_156' title='bbox 1997 2667 2093 2741; x_wconf 88' lang='lat' dir='ltr'><strong>apem</strong></span> <span class='ocrx_word' id='word_1_157' title='bbox 2117 2643 2205 2719; x_wconf 89' lang='lat' dir='ltr'><strong>abii·</strong></span> 
     </span>
     <span class='ocr_line' id='line_1_18' title="bbox 674 2757 2205 2859; baseline 0.003 -26"><span class='ocrx_word' id='word_1_158' title='bbox 674 2763 782 2834; x_wconf 87' lang='lat' dir='ltr'><strong>ciunt.</strong></span> <span class='ocrx_word' id='word_1_159' title='bbox 823 2760 857 2835; x_wconf 93' lang='lat' dir='ltr'>N</span> <span class='ocrx_word' id='word_1_160' title='bbox 862 2785 920 2833; x_wconf 89' lang='lat' dir='ltr'><strong>nm</strong></span> <span class='ocrx_word' id='word_1_161' title='bbox 942 2757 1051 2857; x_wconf 84' lang='lat' dir='ltr'><strong>igitur</strong></span> <span class='ocrx_word' id='word_1_162' title='bbox 1073 2758 1308 2835; x_wconf 80' lang='lat' dir='ltr'><strong>Hebraeorum</strong></span> <span class='ocrx_word' id='word_1_163' title='bbox 1331 2758 1469 2834; x_wconf 83' lang='lat' dir='ltr'><strong>vatibus</strong></span> <span class='ocrx_word' id='word_1_164' title='bbox 1489 2766 1525 2835; x_wconf 85' lang='lat' dir='ltr'><strong>et</strong></span> <span class='ocrx_word' id='word_1_165' title='bbox 1546 2758 1725 2858; x_wconf 86' lang='lat' dir='ltr'><strong>Apostolis</strong></span> <span class='ocrx_word' id='word_1_166' title='bbox 1743 2758 1982 2859; x_wconf 87' lang='lat' dir='ltr'><strong>obtemperare</strong></span> <span class='ocrx_word' id='word_1_167' title='bbox 2002 2762 2205 2839; x_wconf 71' lang='lat' dir='ltr'><strong>desierunt?</strong></span> 
     </span>
     <span class='ocr_line' id='line_1_19' title="bbox 672 2876 2204 2981; baseline 0.008 -31"><span class='ocrx_word' id='word_1_168' title='bbox 672 2878 751 2951; x_wconf 78' lang='lat' dir='ltr'><strong>bon</strong></span> <span class='ocrx_word' id='word_1_169' title='bbox 785 2879 853 2953; x_wconf 84' lang='lat' dir='ltr'><strong>ita:</strong></span> <span class='ocrx_word' id='word_1_170' title='bbox 886 2877 979 2955; x_wconf 90' lang='lat' dir='ltr'><strong>salva</strong></span> <span class='ocrx_word' id='word_1_171' title='bbox 1002 2876 1167 2953; x_wconf 88' lang='lat' dir='ltr'><strong>librorum</strong></span> <span class='ocrx_word' id='word_1_172' title='bbox 1195 2904 1370 2953; x_wconf 86' lang='lat' dir='ltr'><strong>sacrorum</strong></span> <span class='ocrx_word' id='word_1_173' title='bbox 1389 2878 1594 2953; x_wconf 88' lang='lat' dir='ltr'><strong>auctoritate</strong></span> <span class='ocrx_word' id='word_1_174' title='bbox 1619 2878 1707 2952; x_wconf 91' lang='lat' dir='ltr'><strong>illud</strong></span> <span class='ocrx_word' id='word_1_175' title='bbox 1730 2876 1864 2955; x_wconf 86' lang='lat' dir='ltr'><strong>factum</strong></span> <span class='ocrx_word' id='word_1_176' title='bbox 1889 2889 1962 2970; x_wconf 87' lang='lat' dir='ltr'><strong>eat,</strong></span> <span class='ocrx_word' id='word_1_177' title='bbox 1987 2907 2078 2981; x_wconf 85' lang='lat' dir='ltr'><strong>quoa</strong></span> <span class='ocrx_word' id='word_1_178' title='bbox 2098 2910 2204 2961; x_wconf 75' lang='lat' dir='ltr'><strong>arcu·</strong></span> 
     </span>
     <span class='ocr_line' id='line_1_20' title="bbox 670 2996 2206 3096; baseline 0.005 -23"><span class='ocrx_word' id='word_1_179' title='bbox 670 3008 848 3092; x_wconf 78' lang='grc' dir='ltr'><strong><em>ματικῶς</em></strong></span> <span class='ocrx_word' id='word_1_180' title='bbox 880 2998 904 3071; x_wconf 90' lang='lat' dir='ltr'><strong>i.</strong></span> <span class='ocrx_word' id='word_1_181' title='bbox 932 3021 968 3069; x_wconf 84' lang='lat' dir='ltr'><strong>a.</strong></span> <span class='ocrx_word' id='word_1_182' title='bbox 1006 2996 1185 3094; x_wconf 82' lang='lat' dir='ltr'><strong>allegorice</strong></span> <span class='ocrx_word' id='word_1_183' title='bbox 1214 2998 1445 3096; x_wconf 81' lang='lat' dir='ltr'><strong>explicabant.</strong></span> <span class='ocrx_word' id='word_1_184' title='bbox 1506 2998 1717 3073; x_wconf 86' lang='lat' dir='ltr'><strong>Chiliasmua</strong></span> <span class='ocrx_word' id='word_1_185' title='bbox 1745 2997 1873 3074; x_wconf 84' lang='lat' dir='ltr'><strong>abhinc</strong></span> <span class='ocrx_word' id='word_1_186' title='bbox 1904 3009 2002 3075; x_wconf 83' lang='lat' dir='ltr'><strong>extra</strong></span> <span class='ocrx_word' id='word_1_187' title='bbox 2030 3002 2206 3081; x_wconf 71' lang='lat' dir='ltr'><strong>Ecclesiae</strong></span> 
     </span>
     <span class='ocr_line' id='line_1_21' title="bbox 672 3113 2206 3200; baseline 0.007 -11"><span class='ocrx_word' id='word_1_188' title='bbox 672 3122 759 3190; x_wconf 83' lang='lat' dir='ltr'><strong>tinea</strong></span> <span class='ocrx_word' id='word_1_189' title='bbox 790 3115 947 3190; x_wconf 83' lang='lat' dir='ltr'><strong>exsulare</strong></span> <span class='ocrx_word' id='word_1_190' title='bbox 977 3113 1093 3188; x_wconf 87' lang='lat' dir='ltr'><strong>iussus</strong></span> <span class='ocrx_word' id='word_1_191' title='bbox 1122 3114 1311 3192; x_wconf 88' lang='lat' dir='ltr'><strong>haereticos</strong></span> <span class='ocrx_word' id='word_1_192' title='bbox 1340 3117 1492 3194; x_wconf 83' lang='lat' dir='ltr'><strong>fautores</strong></span> <span class='ocrx_word' id='word_1_193' title='bbox 1514 3117 1648 3194; x_wconf 89' lang='lat' dir='ltr'><strong>babuit.</strong></span> <span class='ocrx_word' id='word_1_194' title='bbox 1699 3120 1775 3194; x_wconf 93' lang='lat' dir='ltr'><strong>Nec</strong></span> <span class='ocrx_word' id='word_1_195' title='bbox 1800 3119 1940 3196; x_wconf 90' lang='lat' dir='ltr'><strong>meliora</strong></span> <span class='ocrx_word' id='word_1_196' title='bbox 1962 3120 2104 3196; x_wconf 83' lang='lat' dir='ltr'><strong>luerunt</strong></span> <span class='ocrx_word' id='word_1_197' title='bbox 2126 3125 2206 3200; x_wconf 87' lang='lat' dir='ltr'><strong>eiua</strong></span> 
     </span>
     <span class='ocr_line' id='line_1_22' title="bbox 671 3233 2205 3333; baseline 0.007 -25"><span class='ocrx_word' id='word_1_198' title='bbox 671 3239 741 3312; x_wconf 79' lang='lat' dir='ltr'><strong>lata</strong></span> <span class='ocrx_word' id='word_1_199' title='bbox 772 3245 849 3333; x_wconf 90' lang='lat' dir='ltr'><strong>post</strong></span> <span class='ocrx_word' id='word_1_200' title='bbox 880 3233 1175 3323; x_wconf 78' lang='lat' dir='ltr'><strong>reformationem,</strong></span> <span class='ocrx_word' id='word_1_201' title='bbox 1210 3237 1311 3312; x_wconf 87' lang='lat' dir='ltr'><strong>cuius</strong></span> <span class='ocrx_word' id='word_1_202' title='bbox 1335 3249 1538 3329; x_wconf 84' lang='lat' dir='ltr'><strong>sectatores,</strong></span> <span class='ocrx_word' id='word_1_203' title='bbox 1563 3263 1784 3314; x_wconf 89' lang='lat' dir='ltr'><strong>communem</strong></span> <span class='ocrx_word' id='word_1_204' title='bbox 1810 3239 1968 3315; x_wconf 88' lang='lat' dir='ltr'><strong>omnium</strong></span> <span class='ocrx_word' id='word_1_205' title='bbox 1993 3244 2205 3320; x_wconf 77' lang='lat' dir='ltr'><strong>mutantium</strong></span> 
     </span>
     <span class='ocr_line' id='line_1_23' title="bbox 669 3352 2202 3456; baseline 0.004 -26"><span class='ocrx_word' id='word_1_206' title='bbox 669 3358 935 3454; x_wconf 85' lang='lat' dir='ltr'><strong>amplectentes,</strong></span> <span class='ocrx_word' id='word_1_207' title='bbox 970 3353 1017 3430; x_wconf 87' lang='lat' dir='ltr'><strong>ad</strong></span> <span class='ocrx_word' id='word_1_208' title='bbox 1045 3355 1090 3430; x_wconf 92' lang='lat' dir='ltr'><strong>N.</strong></span> <span class='ocrx_word' id='word_1_209' title='bbox 1116 3352 1280 3429; x_wconf 83' lang='lat' dir='ltr'><strong>Foederis</strong></span> <span class='ocrx_word' id='word_1_210' title='bbox 1307 3356 1575 3456; x_wconf 77' lang='lat' dir='ltr'><strong>escbatologiam</strong></span> <span class='ocrx_word' id='word_1_211' title='bbox 1604 3356 1660 3430; x_wconf 81' lang='lat' dir='ltr'><strong>vir</strong></span> <span class='ocrx_word' id='word_1_212' title='bbox 1685 3355 1910 3432; x_wconf 88' lang='lat' dir='ltr'><strong>attenderunt</strong></span> <span class='ocrx_word' id='word_1_213' title='bbox 1932 3357 2101 3434; x_wconf 90' lang='lat' dir='ltr'><strong>animum.</strong></span> <span class='ocrx_word' id='word_1_214' title='bbox 2134 3361 2202 3436; x_wconf 90' lang='lat' dir='ltr'><strong>Hi·</strong></span> 
     </span>
     <span class='ocr_line' id='line_1_24' title="bbox 638 3475 2203 3576; baseline 0.004 -27"><span class='ocrx_word' id='word_1_215' title='bbox 638 3567 640 3570; x_wconf 21' lang='lat'>·</span> <span class='ocrx_word' id='word_1_216' title='bbox 671 3481 795 3550; x_wconf 80' lang='lat' dir='ltr'><strong>stenae</strong></span> <span class='ocrx_word' id='word_1_217' title='bbox 824 3477 967 3550; x_wconf 91' lang='lat' dir='ltr'><strong>demum</strong></span> <span class='ocrx_word' id='word_1_218' title='bbox 997 3475 1233 3574; x_wconf 87' lang='lat' dir='ltr'><strong>interpretatio</strong></span> <span class='ocrx_word' id='word_1_219' title='bbox 1255 3475 1347 3552; x_wconf 90' lang='lat' dir='ltr'><strong>clara</strong></span> <span class='ocrx_word' id='word_1_220' title='bbox 1370 3477 1408 3552; x_wconf 88' lang='lat' dir='ltr'><strong>in</strong></span> <span class='ocrx_word' id='word_1_221' title='bbox 1431 3477 1508 3554; x_wconf 89' lang='lat' dir='ltr'><strong>luce</strong></span> <span class='ocrx_word' id='word_1_222' title='bbox 1532 3503 1610 3552; x_wconf 91' lang='lat' dir='ltr'><strong>eam</strong></span> <span class='ocrx_word' id='word_1_223' title='bbox 1630 3475 1827 3565; x_wconf 85' lang='lat' dir='ltr'><strong>collocavit,</strong></span> <span class='ocrx_word' id='word_1_224' title='bbox 1855 3486 1894 3551; x_wconf 91' lang='lat' dir='ltr'><strong>ut</strong></span> <span class='ocrx_word' id='word_1_225' title='bbox 1916 3478 1979 3576; x_wconf 92' lang='lat' dir='ltr'><strong>qui</strong></span> <span class='ocrx_word' id='word_1_226' title='bbox 2004 3503 2083 3554; x_wconf 89' lang='lat' dir='ltr'><strong>eam</strong></span> <span class='ocrx_word' id='word_1_227' title='bbox 2107 3478 2203 3556; x_wconf 91' lang='lat' dir='ltr'><strong>haud</strong></span> 
     </span>
     <span class='ocr_line' id='line_1_25' title="bbox 672 3595 2202 3696; baseline 0.005 -26"><span class='ocrx_word' id='word_1_228' title='bbox 672 3611 861 3694; x_wconf 78' lang='lat' dir='ltr'><strong>agnoscant</strong></span> <span class='ocrx_word' id='word_1_229' title='bbox 892 3595 995 3694; x_wconf 89' lang='lat' dir='ltr'><strong>pauci</strong></span> <span class='ocrx_word' id='word_1_230' title='bbox 1031 3595 1133 3670; x_wconf 92' lang='lat' dir='ltr'><strong>hodia</strong></span> <span class='ocrx_word' id='word_1_231' title='bbox 1162 3595 1386 3694; x_wconf 87' lang='lat' dir='ltr'><strong>reperiantur.</strong></span> <span class='ocrx_word' id='word_1_232' title='bbox 1438 3597 1536 3678; x_wconf 90' lang='lat' dir='ltr'><strong>Quid</strong></span> <span class='ocrx_word' id='word_1_233' title='bbox 1557 3597 1689 3696; x_wconf 82' lang='lat' dir='ltr'><strong>igitur?</strong></span> <span class='ocrx_word' id='word_1_234' title='bbox 1724 3596 1819 3669; x_wconf 88' lang='lat' dir='ltr'><strong>Num</strong></span> <span class='ocrx_word' id='word_1_235' title='bbox 1844 3595 1980 3672; x_wconf 88' lang='lat' dir='ltr'><strong>divinae</strong></span> <span class='ocrx_word' id='word_1_236' title='bbox 2004 3599 2202 3677; x_wconf 79' lang='lat' dir='ltr'><strong>auctoritati</strong></span> 
     </span>
     <span class='ocr_line' id='line_1_26' title="bbox 672 3714 2199 3817; baseline 0.003 -29"><span class='ocrx_word' id='word_1_237' title='bbox 672 3716 829 3790; x_wconf 81' lang='lat' dir='ltr'><strong>obsecuti</strong></span> <span class='ocrx_word' id='word_1_238' title='bbox 860 3715 1039 3803; x_wconf 87' lang='lat' dir='ltr'><strong>eamdem,</strong></span> <span class='ocrx_word' id='word_1_239' title='bbox 1070 3738 1176 3814; x_wconf 90' lang='lat' dir='ltr'><strong>quam</strong></span> <span class='ocrx_word' id='word_1_240' title='bbox 1201 3727 1304 3791; x_wconf 87' lang='lat' dir='ltr'><strong>antea</strong></span> <span class='ocrx_word' id='word_1_241' title='bbox 1325 3717 1545 3806; x_wconf 89' lang='lat' dir='ltr'><strong>reiioiebant,</strong></span> <span class='ocrx_word' id='word_1_242' title='bbox 1576 3741 1670 3790; x_wconf 92' lang='lat' dir='ltr'><strong>nunc</strong></span> <span class='ocrx_word' id='word_1_243' title='bbox 1695 3714 1953 3813; x_wconf 89' lang='lat' dir='ltr'><strong>amplectuntur</strong></span> <span class='ocrx_word' id='word_1_244' title='bbox 1974 3718 2199 3817; x_wconf 80' lang='lat' dir='ltr'><strong>opinionem?</strong></span> 
     </span>
     <span class='ocr_line' id='line_1_27' title="bbox 673 3833 2201 3936; baseline 0.005 -30"><span class='ocrx_word' id='word_1_245' title='bbox 673 3835 821 3910; x_wconf 82' lang='lat' dir='ltr'><strong>Minimo</strong></span> <span class='ocrx_word' id='word_1_246' title='bbox 854 3859 943 3910; x_wconf 85' lang='lat' dir='ltr'><strong>vero.</strong></span> <span class='ocrx_word' id='word_1_247' title='bbox 987 3833 1194 3910; x_wconf 88' lang='lat' dir='ltr'><strong>Paucissimi</strong></span> <span class='ocrx_word' id='word_1_248' title='bbox 1226 3844 1326 3924; x_wconf 89' lang='lat' dir='ltr'><strong>sunt,</strong></span> <span class='ocrx_word' id='word_1_249' title='bbox 1360 3861 1518 3934; x_wconf 51' lang='lat' dir='ltr'><strong>quorum*</strong></span> <span class='ocrx_word' id='word_1_250' title='bbox 1540 3835 1758 3935; x_wconf 84' lang='lat' dir='ltr'><strong>philosophia</strong></span> <span class='ocrx_word' id='word_1_251' title='bbox 1784 3833 1897 3910; x_wconf 91' lang='lat' dir='ltr'><strong>dicam</strong></span> <span class='ocrx_word' id='word_1_252' title='bbox 1923 3861 1969 3910; x_wconf 92' lang='lat' dir='ltr'><strong>an</strong></span> <span class='ocrx_word' id='word_1_253' title='bbox 1998 3836 2201 3936; x_wconf 84' lang='lat' dir='ltr'><strong>theosopbia</strong></span> 
     </span>
     <span class='ocr_line' id='line_1_28' title="bbox 673 3953 2200 4055; baseline 0.003 -29"><span class='ocrx_word' id='word_1_254' title='bbox 673 3953 865 4051; x_wconf 74' lang='lat' dir='ltr'><strong>phantasiis</strong></span> <span class='ocrx_word' id='word_1_255' title='bbox 895 3954 1105 4043; x_wconf 88' lang='lat' dir='ltr'><strong>delectatur,</strong></span> <span class='ocrx_word' id='word_1_256' title='bbox 1137 3954 1199 4052; x_wconf 84' lang='lat' dir='ltr'><strong>qui</strong></span> <span class='ocrx_word' id='word_1_257' title='bbox 1231 3954 1477 4054; x_wconf 83' lang='lat' dir='ltr'><strong>prophetarum</strong></span> <span class='ocrx_word' id='word_1_258' title='bbox 1516 3965 1552 4030; x_wconf 91' lang='lat' dir='ltr'><strong>et</strong></span> <span class='ocrx_word' id='word_1_259' title='bbox 1583 3953 1830 4055; x_wconf 85' lang='lat' dir='ltr'><strong>Apostolorum</strong></span> <span class='ocrx_word' id='word_1_260' title='bbox 1864 3953 1986 4046; x_wconf 83' lang='lat' dir='ltr'><strong>effata,</strong></span> <span class='ocrx_word' id='word_1_261' title='bbox 2023 3955 2116 4030; x_wconf 89' lang='lat' dir='ltr'><strong>baud</strong></span> <span class='ocrx_word' id='word_1_262' title='bbox 2147 3957 2200 4032; x_wconf 84' lang='lat' dir='ltr'><strong>ita</strong></span> 
     </span>
     <span class='ocr_line' id='line_1_29' title="bbox 677 4073 2200 4174; baseline 0.003 -28"><span class='ocrx_word' id='word_1_263' title='bbox 677 4075 766 4146; x_wconf 88' lang='lat' dir='ltr'><strong>male</strong></span> <span class='ocrx_word' id='word_1_264' title='bbox 788 4073 979 4172; x_wconf 83' lang='lat' dir='ltr'><strong>explicata,</strong></span> <span class='ocrx_word' id='word_1_265' title='bbox 1012 4073 1047 4148; x_wconf 92' lang='lat' dir='ltr'><strong>in</strong></span> <span class='ocrx_word' id='word_1_266' title='bbox 1073 4099 1176 4150; x_wconf 84' lang='lat' dir='ltr'><strong>usum</strong></span> <span class='ocrx_word' id='word_1_267' title='bbox 1202 4098 1308 4151; x_wconf 91' lang='lat' dir='ltr'><strong>suum</strong></span> <span class='ocrx_word' id='word_1_268' title='bbox 1328 4085 1543 4150; x_wconf 88' lang='lat' dir='ltr'><strong>convertunt.</strong></span> <span class='ocrx_word' id='word_1_269' title='bbox 1593 4074 1664 4150; x_wconf 89' lang='lat' dir='ltr'><strong>Sed</strong></span> <span class='ocrx_word' id='word_1_270' title='bbox 1686 4075 1789 4174; x_wconf 83' lang='lat' dir='ltr'><strong>longe</strong></span> <span class='ocrx_word' id='word_1_271' title='bbox 1811 4074 1953 4173; x_wconf 89' lang='lat' dir='ltr'><strong>plurimi</strong></span> <span class='ocrx_word' id='word_1_272' title='bbox 1975 4099 1998 4149; x_wconf 92' lang='lat' dir='ltr'><strong>a</strong></span> <span class='ocrx_word' id='word_1_273' title='bbox 2019 4074 2200 4150; x_wconf 85' lang='lat' dir='ltr'><strong>chiliaemo</strong></span> 
     </span>
     <span class='ocr_line' id='line_1_30' title="bbox 674 4193 2197 4294; baseline 0.005 -31"><span class='ocrx_word' id='word_1_274' title='bbox 674 4193 777 4266; x_wconf 73' lang='lat' dir='ltr'><strong>alieni</strong></span> <span class='ocrx_word' id='word_1_275' title='bbox 809 4204 900 4269; x_wconf 91' lang='lat' dir='ltr'><strong>sunt.</strong></span> <span class='ocrx_word' id='word_1_276' title='bbox 951 4194 1090 4269; x_wconf 91' lang='lat' dir='ltr'><strong>Horum</strong></span> <span class='ocrx_word' id='word_1_277' title='bbox 1119 4219 1199 4270; x_wconf 85' lang='lat' dir='ltr'><strong>vero</strong></span> <span class='ocrx_word' id='word_1_278' title='bbox 1226 4195 1289 4294; x_wconf 91' lang='lat' dir='ltr'><strong>qui</strong></span> <span class='ocrx_word' id='word_1_279' title='bbox 1313 4194 1467 4270; x_wconf 75' lang='lat' dir='ltr'><strong>urinam</strong></span> <span class='ocrx_word' id='word_1_280' title='bbox 1489 4195 1657 4270; x_wconf 89' lang='lat' dir='ltr'><strong>librorum</strong></span> <span class='ocrx_word' id='word_1_281' title='bbox 1682 4219 1858 4270; x_wconf 87' lang='lat' dir='ltr'><strong>sacrorum</strong></span> <span class='ocrx_word' id='word_1_282' title='bbox 1878 4194 2120 4269; x_wconf 87' lang='lat' dir='ltr'><strong>auctoritatem</strong></span> <span class='ocrx_word' id='word_1_283' title='bbox 2140 4202 2197 4270; x_wconf 86' lang='lat' dir='ltr'><strong>tu·</strong></span> 
     </span>
     <span class='ocr_line' id='line_1_31' title="bbox 674 4311 2198 4414; baseline 0.004 -32"><span class='ocrx_word' id='word_1_284' title='bbox 674 4329 797 4397; x_wconf 87' lang='lat' dir='ltr'><strong>entur,</strong></span> <span class='ocrx_word' id='word_1_285' title='bbox 821 4311 1019 4387; x_wconf 87' lang='lat' dir='ltr'><strong>etiamnunc</strong></span> <span class='ocrx_word' id='word_1_286' title='bbox 1043 4315 1249 4388; x_wconf 87' lang='lat' dir='ltr'><strong>seutentiam</strong></span> <span class='ocrx_word' id='word_1_287' title='bbox 1272 4339 1294 4388; x_wconf 87' lang='lat' dir='ltr'><strong>a</strong></span> <span class='ocrx_word' id='word_1_288' title='bbox 1315 4339 1352 4390; x_wconf 88' lang='lat' dir='ltr'><strong>se</strong></span> <span class='ocrx_word' id='word_1_289' title='bbox 1372 4315 1571 4392; x_wconf 89' lang='lat' dir='ltr'><strong>damnatam</strong></span> <span class='ocrx_word' id='word_1_290' title='bbox 1590 4314 1627 4389; x_wconf 90' lang='lat' dir='ltr'><strong>in</strong></span> <span class='ocrx_word' id='word_1_291' title='bbox 1648 4314 1692 4390; x_wconf 90' lang='lat' dir='ltr'><strong>iia</strong></span> <span class='ocrx_word' id='word_1_292' title='bbox 1716 4313 1785 4414; x_wconf 81' lang='lat' dir='ltr'><strong>legi</strong></span> <span class='ocrx_word' id='word_1_293' title='bbox 1805 4313 2027 4412; x_wconf 87' lang='lat' dir='ltr'><strong>pertinaciter</strong></span> <span class='ocrx_word' id='word_1_294' title='bbox 2047 4321 2198 4412; x_wconf 80' lang='lat' dir='ltr'><strong>negant,</strong></span> 
     </span>
     <span class='ocr_line' id='line_1_32' title="bbox 676 4421 2199 4535; baseline 0.006 -36"><span class='ocrx_word' id='word_1_295' title='bbox 676 4433 761 4526; x_wconf 84' lang='lat' dir='ltr'><strong>quin</strong></span> <span class='ocrx_word' id='word_1_296' title='bbox 792 4431 1005 4527; x_wconf 81' lang='lat' dir='ltr'><strong>argumentis</strong></span> <span class='ocrx_word' id='word_1_297' title='bbox 1032 4431 1116 4508; x_wconf 86' lang='lat' dir='ltr'><strong>inde</strong></span> <span class='ocrx_word' id='word_1_298' title='bbox 1139 4432 1332 4532; x_wconf 82' lang='lat' dir='ltr'><strong>desumptis</strong></span> <span class='ocrx_word' id='word_1_299' title='bbox 1355 4435 1448 4509; x_wconf 90' lang='lat' dir='ltr'><strong>illius</strong></span> <span class='ocrx_word' id='word_1_300' title='bbox 1471 4448 1634 4535; x_wconf 88' lang='lat' dir='ltr'><strong>patronos</strong></span> <span class='ocrx_word' id='word_1_301' title='bbox 1657 4421 1876 4533; x_wconf 53' lang='lat' dir='ltr'><strong>impugnant.</strong></span> <span class='ocrx_word' id='word_1_302' title='bbox 1927 4432 1961 4507; x_wconf 95' lang='lat'>0</span> <span class='ocrx_word' id='word_1_303' title='bbox 1985 4432 2199 4530; x_wconf 80' lang='lat' dir='ltr'><strong>siagrrlarem</strong></span> 
     </span>
     <span class='ocr_line' id='line_1_33' title="bbox 670 4549 2199 4653; baseline 0.004 -31"><span class='ocrx_word' id='word_1_304' title='bbox 670 4549 853 4637; x_wconf 63' lang='lat' dir='ltr'><strong>&#39;ecdicum</strong></span> <span class='ocrx_word' id='word_1_305' title='bbox 888 4573 979 4646; x_wconf 88' lang='lat' dir='ltr'><strong>quos</strong></span> <span class='ocrx_word' id='word_1_306' title='bbox 1009 4551 1092 4624; x_wconf 89' lang='lat' dir='ltr'><strong>fidei</strong></span> <span class='ocrx_word' id='word_1_307' title='bbox 1125 4575 1282 4627; x_wconf 88' lang='lat' dir='ltr'><strong>normam</strong></span> <span class='ocrx_word' id='word_1_308' title='bbox 1311 4553 1463 4643; x_wconf 87' lang='lat' dir='ltr'><strong>babent,</strong></span> <span class='ocrx_word' id='word_1_309' title='bbox 1493 4556 1689 4643; x_wconf 84' lang='lat' dir='ltr'><strong>fortunam,</strong></span> <span class='ocrx_word' id='word_1_310' title='bbox 1720 4579 1764 4630; x_wconf 82' lang='lat' dir='ltr'><strong>ex</strong></span> <span class='ocrx_word' id='word_1_311' title='bbox 1798 4553 1928 4653; x_wconf 86' lang='lat' dir='ltr'><strong>quibua</strong></span> <span class='ocrx_word' id='word_1_312' title='bbox 1949 4562 2129 4652; x_wconf 85' lang='lat' dir='ltr'><strong>tamquam</strong></span> <span class='ocrx_word' id='word_1_313' title='bbox 2153 4577 2199 4628; x_wconf 80' lang='lat' dir='ltr'><strong>ex</strong></span> 
     </span>
     <span class='ocr_line' id='line_1_34' title="bbox 672 4667 1784 4774; baseline 0.006 -33"><span class='ocrx_word' id='word_1_314' title='bbox 672 4667 939 4746; x_wconf 87' lang='lat' dir='ltr'><strong>armamentario</strong></span> <span class='ocrx_word' id='word_1_315' title='bbox 959 4667 1031 4742; x_wconf 84' lang='lat' dir='ltr'><strong>suia</strong></span> <span class='ocrx_word' id='word_1_316' title='bbox 1054 4669 1185 4768; x_wconf 88' lang='lat' dir='ltr'><strong>quique</strong></span> <span class='ocrx_word' id='word_1_317' title='bbox 1204 4669 1427 4769; x_wconf 89' lang='lat' dir='ltr'><strong>opinionibus</strong></span> <span class='ocrx_word' id='word_1_318' title='bbox 1450 4673 1622 4772; x_wconf 89' lang='lat' dir='ltr'><strong>praesidia</strong></span> <span class='ocrx_word' id='word_1_319' title='bbox 1641 4675 1784 4774; x_wconf 91' lang='lat' dir='ltr'><strong>petuntl</strong></span> 
     </span>
    </p>

    <p class='ocr_par' dir='ltr' id='par_1_6' title="bbox 724 4787 2196 4892">
     <span class='ocr_line' id='line_1_35' title="bbox 724 4787 2196 4892; baseline 0 -26"><span class='ocrx_word' id='word_1_320' title='bbox 724 4791 825 4866; x_wconf 75' lang='lat' dir='ltr'><strong>Quae</strong></span> <span class='ocrx_word' id='word_1_321' title='bbox 847 4787 964 4862; x_wconf 89' lang='lat' dir='ltr'><strong>omnia</strong></span> <span class='ocrx_word' id='word_1_322' title='bbox 990 4812 1061 4886; x_wconf 92' lang='lat' dir='ltr'><strong>quo</strong></span> <span class='ocrx_word' id='word_1_323' title='bbox 1087 4789 1233 4866; x_wconf 88' lang='lat' dir='ltr'><strong>tendent</strong></span> <span class='ocrx_word' id='word_1_324' title='bbox 1255 4790 1377 4889; x_wconf 87' lang='lat' dir='ltr'><strong>paucis</strong></span> <span class='ocrx_word' id='word_1_325' title='bbox 1396 4791 1599 4892; x_wconf 78' lang='lat' dir='ltr'><strong>explanabo.</strong></span> <span class='ocrx_word' id='word_1_326' title='bbox 1637 4793 1743 4868; x_wconf 85' lang='lat' dir='ltr'><strong>Orbis</strong></span> <span class='ocrx_word' id='word_1_327' title='bbox 1768 4792 1990 4870; x_wconf 80' lang='lat' dir='ltr'><strong>Christianus</strong></span> <span class='ocrx_word' id='word_1_328' title='bbox 2007 4790 2196 4891; x_wconf 83' lang='lat' dir='ltr'><strong>antiquus,</strong></span> 
     </span>
    </p>
   </div>
   <div class='ocr_carea' id='block_1_5' title="bbox 0 0 2488 6172">
    <p class='ocr_par' dir='ltr' id='par_1_7' title="bbox 0 0 2488 6172">
     <span class='ocr_line' id='line_1_36' title="bbox 0 0 2488 6172; baseline 0 0"><span class='ocrx_word' id='word_1_329' title='bbox 0 0 2488 6172; x_wconf 95' lang='lat' dir='ltr'><strong> </strong></span> 
     </span>
    </p>
   </div>
  </div>
 </body>
</html>
