4967 6175
645 676 689 745 54
1128 676 1321 743 SERIES
1357 665 1686 745 Lucrrouu'rr.

744 882 925 959 Exercitiis
961 882 1119 982 practicis
1156 884 1192 959 in
1228 891 1402 962 structura
1434 885 1630 985 plantarum
1663 909 1729 983 cpe
1760 882 1975 986 microscopii

791 1002 1000 1103 exploranda
1038 1004 1185 1103 praeerit
1221 1012 1376 1105 tempore
1410 1004 1574 1095 hiberno,
1610 1004 1736 1081 diebus
1774 1005 1896 1080 Lunae
1935 1015 1972 1081 et

788 1124 932 1213 Martis,
974 1174 1891 1204 ..........................
1918 1124 2002 1201 hora
2048 1126 2168 1203 II-IV.
2200 1136 2206 1141 ’

745 1241 1018 1320 Excursionibus
1038 1243 1207 1319 botanicis
1230 1245 1378 1343 procerit
1398 1253 1553 1344 temporo
1570 1244 1720 1332 aestivo,
1744 1240 1802 1319 die
1820 1244 1973 1321 Saturni.

866 1482 1112 1558 FAOUL'I'AS
1137 1482 1498 1558 PHILOSOPHIAE
1521 1483 1866 1558 THEORE‘I'ICAE
1891 1485 1952 1559 ΕΤ

1073 1594 1363 1676 uluaRARUM
1382 1600 1742 1677 HUMANIORUM.

637 1872 664 1932 1.
683 1865 807 1937 BAKE,
833 1852 1003 1943 quantum
1023 1841 1149 1942 poterit
1169 1850 1205 1915 et
1223 1840 1360 1930 licebit,
1385 1840 1589 1916 auctoritate
1605 1848 1642 1916 ct
1653 1838 1796 1917 consilio
1807 1841 1969 1917 adiuvare

687 1967 869 2046 conabitur
892 1988 971 2053 ecs,
996 1963 1057 2062 qui
1080 1962 1116 2035 in
1141 1961 1337 2035 Literarum
1350 1960 1609 2035 Humaniorum
1629 1960 1754 2035 studiis
1772 1970 1963 2037 vacentur.

642 2110 679 2169 A.
699 2104 881 2167 uuuuuus
915 2105 1062 2157 rasnrsn
1090 2088 1126 2155 et
1154 2102 1366 2155 accusarer
1395 2081 1570 2158 Vaticins’s
1592 2088 1629 2155 et
1649 2080 1807 2157 Psalnoc
1827 2081 1972 2157 selectos

686 2203 987 2305 interpretabitur,
1011 2198 1136 2276 diebus
1158 2200 1280 2275 Lunae
1302 2209 1340 2275 ct
1363 2199 1508 2289 Martis,
1562 2251 1971 2277 ............
2111 2198 2166 2273 IX
2248 2298 2253 2306 ς

832 2332 868 2398 et
893 2323 949 2399 dis
974 2321 1157 2410 Mercurii,
1200 2374 1860 2397 ...................
1874 2323 1896 2394 ’.
1922 2377 1931 2394 .
1957 2377 1967 2395 .
2061 2317 2165 2393 VIII.

736 2445 876 2519 Librum
902 2444 1057 2517 Indicum
1083 2439 1234 2516 cursoria
1259 2439 1404 2513 tectione
1428 2438 1609 2529 bactobit,
1633 2438 1692 2513 dte
1714 2437 1855 2527 Lunae,
1888 2497 1897 2515 .
1924 2497 1934 2515 .
1962 2500 1970 2517 .
2146 2441 2167 2514 Ι

830 2568 867 2635 ct
891 2558 948 2633 dic
971 2558 1084 2646 lovis,
1118 2612 1968 2635 ........................
2078 2558 2165 2635 XII.

733 2678 972 2778 Antiquitstes
1008 2676 1245 2752 lsrsoliurum
1277 2677 1482 2777 explicabit,
1514 2677 1641 2753 debus
1670 2680 1813 2768 Lunae,
1846 2679 1972 2754 Martis

783 2808 820 2874 et
843 2796 1007 2873 Mercurii
1017 2854 1967 2885 ...........................
2078 2796 2164 2873 XII.

734 2918 1006 2995 Grammaticcm
1038 2916 1248 2991 Ssuscritam
1283 2916 1442 3006 docebit,
1476 2917 1533 2992 dic
1565 2926 1602 2992 et
1628 2917 1722 2991 boris
1742 2917 1973 2991 Auditoribus

780 3036 981 3114 commodis.

633 3183 668 3242 Τ.
690 3179 727 3241 u.
741 3181 766 3238 Ι.
783 3172 990 3238 ldmona
1012 3153 1188 3228 Sermonis
1215 3153 1369 3228 Hebraei
1396 3154 1566 3228 elementa
1587 3152 1718 3242 tradet,
1743 3175 1824 3228 cum
1844 3155 1967 3228 Gram-

683 3277 809 3354 matico
828 3271 1050 3375 explicanda,
1075 3281 1153 3346 tum
1181 3272 1360 3371 analyticis
1375 3272 1557 3348 Exercitiis
1579 3271 1819 3362 moderandis,
1844 3271 1970 3348 debus

682 3399 827 3484 Lunae,
850 3393 997 3482 Martis,
1025 3391 1193 3467 Mercurii
1217 3402 1255 3466 et
1277 3392 1372 3467 Iovis
1374 3441 1973 3469 .................
2058 3392 2164 3469 VIII.

732 3516 926 3592 Literarum
958 3512 1206 3614 Arabicarum,
1245 3512 1511 3588 Chaldaicorum
1548 3524 1585 3588 et
1621 3511 1839 3612 Syriacorum
1871 3511 1971 3588 initis

779 3633 917 3712 docebit
942 3633 1044 3726 (duce
1068 3631 1120 3708 cl.
1139 3653 1308 3720 uocans,
1323 3649 1490 3719 ursano,
1505 3636 1769 3724 catucirno),
1784 3630 1842 3705 dic
1855 3632 1968 3720 Iovis,
2142 3632 2163 3705 I

829 3763 864 3828 et
888 3751 1013 3828 diebus
1037 3752 1183 3826 Veneris
1207 3760 1242 3826 et
1268 3750 1420 3826 Saturni.
1470 3810 1478 3825 .
2058 3749 2162 3825 VIII.

735 3874 826 3948 Cum
843 3871 1111 3973 provectioribus
1123 3868 1315 3969 Discipulis
1336 3871 1634 3945 Otrestcoscttiam
1647 3871 1848 3960 heddam,
1862 3893 1969 3969 quom

782 3994 884 4067 Doct.
910 4017 967 4067 ra.
993 4018 1028 4067 s.
1059 3999 1289 4080 aan01.n,et
1317 3991 1619 4065 commatrum
1643 3993 1841 4090 fibrium,
1862 4008 1970 4090 quaro

782 4135 984 4187 anassrnrn
1010 4111 1139 4199 edidit,
1165 4109 1277 4210 leget,
1302 4109 1365 4185 die
1381 4109 1503 4185 Lunae
1528 4118 1566 4185 et
1585 4109 1730 4199 Martis,
1767 4164 1960 4187 ......
2113 4105 2163 4183 ΙΙ.

738 4233 913 4306 Koranom
938 4241 974 4306 et
1000 4229 1285 4305 Zamnlcksctcrs'i
1315 4231 1609 4319 Conmmtcrisos,
1634 4229 1692 4304 dic
1715 4229 1900 4319 Mercurii,
1923 4286 1932 4306 .
1960 4287 1969 4303 .
2112 4227 2162 4302 11.

736 4350 778 4422 In
818 4351 918 4424 docti.
947 4351 1061 4424 Mun.
1087 4351 1191 4424 Aret.
1214 4349 1371 4448 legendis
1390 4357 1428 4424 et
1448 4349 1716 4450 interpretandis
1740 4374 1822 4424 cum
1844 4349 1968 4424 iisdem

783 4491 923 4566 operam
947 4477 1072 4566 ponet,
1097 4467 1153 4542 die
1177 4468 1323 4543 Veneris
1347 4475 1384 4542 et
1407 4469 1547 4544 Saturni
1558 4526 1968 4558 ............
2113 4465 2162 4541 II.

636 4607 663 4668 1.
684 4605 725 4668 Η.
745 4605 953 4668 srurrrcnn
975 4587 1138 4688 logicam
1164 4587 1299 4675 undu,
1322 4587 1381 4662 dic
1403 4588 1549 4678 Martis,
1590 4646 1965 4667 ...........
2122 4588 2163 4673 I,

834 4705 958 4782 diebus
982 4707 1075 4781 Iovis
1099 4717 1135 4781 et
1158 4705 1302 4781 Veneris
1337 4761 1963 4787 ..................
2094 4705 2160 4782 XI.

738 4823 1014 4925 Metephysiccm
1039 4825 1194 4915 docebit,
1219 4826 1348 4903 diebru
1367 4825 1495 4902 Martis
1517 4835 1554 4902 ot
1577 4828 1741 4905 Mercurii
1749 4886 1968 4918 .......
2115 4823 2163 4902 Χ.
