4967 6175
900 621 1178 691 onusto.
1752 622 1795 687 97

272 834 354 909 dato
377 828 565 904 Professori
583 827 730 902 medam
755 828 791 902 in
810 829 1004 905 Traiectina
1026 841 1143 907 nostra
1165 828 1376 907 offerendam
1399 836 1546 907 curaret.
1582 831 1626 904 In
1646 836 1795 928 utraque

270 953 417 1027 statione
451 969 665 1024 suaensnnr
699 947 769 1021 vita
799 948 866 1022 suit
888 948 1171 1049 occbpatiasima,
1202 950 1330 1025 iunctis
1350 952 1480 1050 quippe
1506 950 1641 1026 muneri
1664 949 1794 1049 proies·

270 1071 361 1145 sorio
392 1068 558 1143 omnibus
591 1070 735 1167 praxeos
772 1065 925 1143 medicae
958 1070 1051 1143 curis
1087 1080 1122 1145 et
1154 1069 1341 1145 laboribus.
1389 1069 1609 1144 Documento
1641 1080 1794 1145 estnon

271 1199 407 1265 tantum
436 1188 584 1262 maxima
610 1186 880 1286 aegrotantium,
906 1186 951 1261 ad
976 1212 1126 1287 quorum
1150 1188 1294 1265 lectulos
1317 1186 1474 1276 adsedit,
1499 1189 1707 1278 multitudo,
1731 1191 1794 1265 sed

271 1311 374 1385 etiem
409 1309 534 1406 ingens
566 1307 746 1381 bominum
784 1330 971 1396 numerus,
1008 1309 1070 1406 qui
1107 1332 1150 1383 ex
1182 1307 1279 1381 nullo
1306 1328 1375 1380 non
1406 1308 1538 1405 patriae
1568 1309 1697 1405 anguto
1726 1310 1794 1383 buo

273 1436 452 1509 venerunt
468 1426 605 1500 consilii
634 1426 678 1499 ab
710 1426 785 1524 ipsc
818 1427 1004 1526 expetendi
1028 1452 1143 1504 causa.
1194 1429 1241 1502 Et
1261 1424 1389 1501 horum
1414 1427 1554 1526 quidem
1579 1427 1738 1526 piurimis
1761 1429 1793 1503 is

273 1549 366 1624 visus
395 1558 449 1623 eet
479 1568 742 1634 commanens,
774 1546 835 1644 qui
859 1570 922 1621 sna
943 1572 1008 1647 ope
1031 1574 1073 1623 ax
1098 1546 1237 1624 incertis
1259 1557 1369 1622 certos
1390 1548 1593 1646 consiliique
1616 1556 1792 1647 compotes

272 1668 473 1741 dimitteret.
522 1666 559 1737 Si
589 1664 667 1762 quis
703 1664 806 1754 dicit,
842 1667 930 1741 hano
961 1668 1088 1743 samam
1120 1668 1227 1743 fuisse
1259 1667 1451 1765 praemium
1486 1667 1660 1742 doctrinae
1686 1677 1792 1767 atque

272 1786 431 1885 peritiae,
466 1785 589 1858 dubito
615 1808 700 1857 num
728 1786 926 1883 plenissima
947 1786 1052 1863 dicat.
1103 1789 1287 1866 Quantum
1309 1786 1403 1860 enim
1426 1785 1545 1872 abest,
1571 1793 1611 1859 ut
1635 1787 1792 1862 doctissi-

273 1930 351 1981 mus
389 1904 539 2003 quisque
576 1914 612 1977 et
646 1904 875 2003 peritissimus
907 1907 1061 1993 medicus
1091 1932 1193 2007 opem
1226 1900 1461 2004 flagitantium
1493 1914 1528 1979 at
1559 1900 1699 2004 penitus
1726 1909 1794 2006 ipsi

272 2024 520 2099 confidentium
554 2024 779 2099 multitudine
811 2034 989 2123 tamquam
1029 2026 1215 2101 obruatur!
1257 2046 1472 2099 susannam
1503 2034 1596 2099 carte
1631 2024 1793 2102 laudibus

273 2144 337 2219 illis
361 2152 580 2219 accesserunt
603 2144 687 2232 alia,
713 2144 840 2243 partim
861 2145 967 2219 etiam
994 2146 1136 2220 iuvenili
1160 2142 1341 2243 disciplina
1367 2144 1461 2220 haud
1491 2152 1662 2243 percepta.
1695 2148 1794 2224 Quo

274 2288 348 2337 rum
374 2262 439 2336 hoc
460 2261 677 2361 potissimum
703 2264 922 2339 admirationi
939 2264 1024 2354 snit,
1050 2265 1146 2365 quod
1171 2264 1266 2339 nulla
1287 2284 1452 2362 nmquam
1469 2264 1638 2363 prodebat
1651 2268 1794 2365 uestigia

273 2384 372 2456 raris.
423 2382 515 2455 Cum
539 2381 817 2481 quibuscumque
843 2384 1042 2458 hominibus
1071 2408 1140 2459 nna
1165 2392 1259 2472 erat,
1284 2384 1373 2457 mira
1398 2407 1480 2460 eum
1504 2384 1795 2459 commendabant

274 2500 532 2576 consuetudinis
561 2500 727 2590 facilitas,
761 2502 937 2579 urbanitas
961 2514 997 2579 et
1019 2504 1215 2603 prudentia.
1267 2504 1309 2576 ln
1334 2504 1552 2577 sermonibus
1578 2506 1710 2578 multus
1733 2504 1793 2579 de·

274 2646 350 2709 cor,
378 2622 511 2719 lepore,
537 2620 567 2696 si
590 2620 817 2710 resistebat,
843 2624 1051 2699 exhilaratus
1078 2624 1337 2721 modestiaeque
1356 2646 1492 2710 comes,
1518 2648 1609 2721 qnae
1631 2624 1705 2698 aliis
1723 2648 1793 2699 non

276 2750 406 2814 temere
440 2739 653 2814 adversando
689 2762 804 2837 neque
833 2738 877 2815 iis
908 2766 945 2815 sa
970 2739 1212 2840 praeponendo
1226 2752 1361 2839 sponte
1387 2741 1575 2815 multorum
1602 2742 1671 2815 sibi
1697 2752 1796 2840 parat

275 2858 455 2935 amicitias.
505 2858 563 2931 Da
601 2856 806 2933 Terentiano
828 2861 887 2934 illo
915 2863 1105 2962 obsequium
1134 2863 1276 2951 mccc,
1303 2865 1432 2936 aarum
1459 2864 1571 2937 odium
1589 2854 1693 2960 parat
1724 2886 1795 2961 quo

276 2978 405 3053 certius
437 2974 656 3053 sacunino
691 3000 734 3052 ex
767 2980 951 3081 multiplici
984 2976 1166 3056 bominum
1200 3004 1267 3055 usn
1296 3001 1500 3080 persuasum
1525 2977 1613 3068 fuit,
1646 3007 1688 3056 eo
1713 3006 1795 3081 pru·

277 3099 417 3174 dantins
451 3098 488 3171 in
520 3097 627 3192 altere
659 3107 757 3197 parte
791 3100 891 3190 iecit,
925 3109 1104 3199 quantum¹
1125 3100 1226 3176 licere
1252 3097 1454 3188 videbatur,
1477 3123 1590 3199 eoque
1615 3101 1732 3177 minus
1759 3101 1797 3174 in

278 3221 384 3294 altera
418 3217 624 3292 suavitatem
660 3243 682 3292 a
718 3202 931 3295 fortitudine
956 3221 1117 3296 seiunxit.
1181 3217 1250 3294 His
1287 3217 1450 3294 laudibus
1485 3215 1711 3318 conspicuus,
1746 3220 1798 3295 vir

280 3337 507 3438 peritissimus
528 3345 599 3412 tam
623 3337 756 3437 placide
779 3339 960 3416 adsidebat
980 3337 1261 3438 aegrotantibus,
1276 3335 1557 3436 'ut,·.iioet''prae
1579 3340 1797 3438 negotiorum

281 3455 472 3556 frequentia
496 3457 806 3557 nesciretsaepius
823 3483 900 3559 ·quc
926 3486 962 3534 se
988 3467 1153 3547 verteret,
1179 3458 1373 3556 asiamque,
1394 3468 1512 3532 nmen
1536 3479 1656 3532 eorum
1678 3481 1797 3536 vacare

282 3578 344 3653 soli
364 3577 546 3655 videratur.
586 3580 677 3654 'i'um
697 3581 772 3654 aius
791 3577 975 3653 sollertiam
994 3575 1080 3650 nihil
1099 3575 1198 3650 facile
1219 3574 1395 3674 fugiebat,
1418 3571 1516 3673 quo'd
1533 3577 1588 3650 aei
1606 3570 1801 3676 aegrotanti

284 3697 335 3771 vel
366 3696 472 3770 huius
502 3695 652 3771 nenne
683 3721 786 3772 curae
818 3705 917 3771 esset.
970 3693 1072 3768 Unde
1099 3694 1340 3783 factumst,
1365 3696 1483 3772 animo
1503 3695 1608 3770 aiam
1628 3697 1800 3776 exceliens

283 3817 318 3890 in
348 3824 687 3916 utramquepartem
712 3815 895 3903 benenolo,
920 3837 1036 3889 revera
1061 3813 1306 3914 tamgandera
1329 3837 1419 3890 cum·
1437 3815 1671 3914 gaudentibus
1692 3843 1800 3916 quam

284 3959 364 4009 cum
385 3935 590 4033 lugentibus
613 3935 731 4034 Iugera
752 3946 857 4035 atqua
880 3933 1013 4009 consilii
1038 3933 1200 4032 inopibus
1225 3934 1459 4020 sonorosus,
1486 3935 1676 4024 monendo,
1700 3936 1799 4010 adin·

286 4055 395 4131 vando
418 4055 522 4129 etiem
548 4057 709 4154 prodesse
734 4057 867 4132 soleret.
905 4055 1000 4128 Hinc
1021 4054 1123 4129 verba
1143 4054 1248 4140 aius,
1263 4051 1408 4128 afflictos
1428 4053 1655 4143 consolantis,
1679 4055 1801 4133 leniter

286 4175 319 4248 in
342 4175 476 4250 animos
499 4172 678 4272 tamquam
699 4173 880 4249 influxisse
904 4167 1083 4262 dicuntum
1111 4163 1325 4272 quamquam
1350 4173 1380 4247 si
1401 4173 1445 4246 da
1471 4173 1653 4272 postremis
1678 4175 1803 4274 viginti

285 4295 383 4369 annis
414 4317 527 4368 sermo
559 4303 629 4382 est,
665 4295 844 4368 verborum
875 4293 1071 4368 facundiam
1108 4293 1283 4391 superavit
1316 4293 1432 4367 vultus
1457 4293 1525 4369 ‘riri
1547 4294 1584 4367 in
1610 4295 1802 4371 carissimo·

287 4437 363 4488 rum
392 4414 568 4514 capitum,
600 4413 636 4486 in
662 4414 726 4488 iiiii
747 4413 898 4513 collegae
923 4412 1092 4488 desiderio
1116 4411 1312 4510 tranquilli,
1336 4412 1537 4512 compositi,
1563 4414 1692 4504 aaroni,
1718 4413 1803 4490 haec

287 4534 435 4608 mentis
455 4543 491 4608 et
512 4541 707 4632 opportune
726 4533 958 4633 praedicantis
977 4555 1140 4608 annnam
1161 4532 1284 4608 verba:
1298 4530 1407 4630 fimo
1426 4541 1558 4606 maest
1570 4533 1801 4610 masma.

288 4651 444 4728 Proiecto
477 4675 547 4726 non
579 4652 697 4728 minus
727 4653 784 4728 illa
811 4652 939 4753 dignus
967 4652 1054 4741 fuit,
1088 4677 1192 4750 quem
1219 4653 1398 4750 lugentem
1422 4675 1634 4727 crssnrssrns
1657 4653 1804 4750 erigeret

288 4793 390 4868 quam
419 4772 512 4845 bunc
532 4751 697 4847 afflictum
720 4772 764 4846 eb
789 4773 865 4871 ipso
885 4771 1078 4847 confirmari
1100 4771 1227 4848 decuit.
1279 4771 1349 4845 Sed
1370 4769 1433 4869 qui
1453 4770 1539 4844 aiios
1559 4770 1802 4868 probenocat,

1587 4893 1633 4962 13
