4967 6175
425 718 428 725 -
572 728 578 739 .
657 676 704 745 es
1254 654 1594 736 r.nusnsa

661 893 727 957 nae
756 886 897 980 opetum
920 861 1039 969 dedit,
1064 877 1173 953 donec
1196 877 1232 953 d.
1261 879 1351 952 20⁸⁶
1373 899 1421 951 m.
1448 872 1652 951 Decembris
1676 873 1758 949 alani
1779 871 1866 948 80⁰¹
1888 893 2044 953 summos
2063 878 2101 952 in
2124 878 2191 955 inno

660 1004 733 1075 arte
764 1000 909 1074 honoret
943 1004 1150 1074 mnsecuttrs
1176 1004 1242 1073 est.
1292 996 1541 1084 Rotarodnnii,
1565 994 1628 1069 ulai
1651 993 1772 1094 prurio
1795 987 1968 1071 medicam
1987 994 2189 1089 escaus,

659 1129 753 1195 nnnc
782 1119 938 1219 proxim
967 1118 1005 1193 in
1032 1117 1147 1193 sclicla
1171 1117 1299 1193 ‘clinica
1327 1123 1465 1192 creatus
1491 1123 1545 1191 est
1568 1115 1693 1190 laem
1717 1111 1921 1204 Romuleas,
1949 1116 1990 1190 -in
2010 1135 2083 1216 qua
2100 1118 2188 1217 quid

659 1238 787 1315 valeret
808 1238 878 1313 iam
902 1234 941 1311 θ’
966 1238 1160 1312 studiorum
1182 1248 1276 1312 anno
1295 1236 1513 1325 ostenderat,
1534 1233 1730 1332 conscripta
1749 1234 2056 1335 commentatione,
2081 1255 2188 1335 quom

658 1382 803 1433 nummo
822 1376 929 1432 aureo
951 1358 1094 1458 dignam
1118 1346 1317 1432 iudicarunt
1339 1350 1552 1431 Professores
1575 1353 1804 1452 meningant
1855 1355 1944 1429 Inde
1961 1355 2010 1429 ab
2031 1375 2076 1431 eo
2097 1365 2187 1431 tem·

659 1495 743 1579 pore
762 1478 879 1552 stadio
900 1477 1066 1553 anonimo
1090 1497 1166 1553 eam
1190 1476 1410 1576 disciplinam
1434 1474 1561 1562 coluit,
1587 1492 1694 1572 quarn
1716 1472 1761 1546 ab
1787 1490 1879 1547 anno
1901 1476 1978 1547 3410
1995 1475 2033 1549 in
2054 1475 2187 1549 illustri

657 1596 838 1672 Athenaeo
874 1596 1190 1671 Amstelodnmensi
1223 1596 1362 1695 publice
1397 1594 1573 1694 professus
1599 1600 1665 1668 eat.
1716 1592 2032 1670 Extraordinarinm
2057 1596 2185 1694 protu-

658 1716 791 1790 sionem
816 1731 907 1789 anno
930 1714 1010 1789 42⁶0
1043 1738 1125 1789 cum
1146 1714 1339 1803 ordinaria,
1370 1712 1460 1787 hanc
1485 1719 1602 1791 autem
1631 1711 1666 1786 d.
1694 1715 1770 1788 27¹⁰
1792 1737 1839 1788 m.
1865 1714 2083 1813 Septembris
2104 1715 2188 1789 anni

660 1834 754 1908 1845
786 1838 870 1907 cunr
900 1832 1115 1933 professione
1142 1831 1306 1905 leidensi
1336 1831 1582 1919 commutavit,
1612 1845 1895 1921 anruwnnnrro,
1926 1832 1974 1907 ob
2002 1842 2185 1933 septuage-

659 1952 791 2027 nariam
820 1958 968 2026 aetatem
1003 1952 1089 2025 rude
1121 1952 1272 2040 donato,
1308 1950 1506 2027 succedens.
1557 1952 1644 2026 llam
1679 1951 1889 2051 provinciam
1914 1970 2020 2052 quam
2046 1954 2186 2052 egregie

657 2071 966 2159 administraverit,
1001 2096 1107 2171 quam
1139 2071 1228 2145 bene
1259 2078 1294 2145 et
1326 2071 1370 2144 de
1401 2069 1579 2168 discipulis
1607 2070 1680 2145 suis
1705 2079 1740 2145 et
1765 2070 1809 2145 de
1833 2070 1933 2145 horto
1957 2071 2120 2147 boloniae
2147 2080 2185 2146 et

658 2191 703 2266 de
733 2192 860 2265 Museo
892 2189 1183 2290 Splitgerberiano
1217 2189 1362 2265 meritus
1393 2190 1456 2278 sit,
1488 2188 1546 2263 alii
1573 2198 1747 2289 exponent
1768 2190 1892 2265 harum
1918 2216 2034 2266 rerum
2061 2191 2183 2291 periti,

658 2319 810 2409 quorum
834 2308 997 2383 laudibus
1021 2327 1084 2383 nec
1104 2308 1193 2383 fides
1217 2309 1329 2385 deerit
1348 2332 1413 2383 nec
1435 2308 1583 2406 pondes.
1608 2310 1673 2382 Me
1687 2308 1815 2408 scripta
1828 2310 1922 2385 nnus
1940 2310 2051 2385 mulis
2068 2312 2183 2410 perlu-

559 2518 563 2529 ι
658 2437 826 2504 strantem
850 2428 1043 2503 identidem
1062 2428 1204 2504 subibat
1225 2429 1407 2529 cogitatio,
1431 2436 1545 2503 totum
1562 2429 1766 2504 studiorum
1786 2429 1861 2504 eiua
1879 2447 2021 2505 cursen
2040 2448 2182 2530 praepr-

658 2556 733 2624 'rare
766 2556 802 2622 et
834 2549 935 2647 quasi
963 2548 1158 2647 praesagire
1189 2548 1255 2622 iter
1283 2548 1373 2622 illud
1402 2548 1588 2637 Indicum,
1623 2548 1720 2647 quod
1746 2548 1888 2623 tandem
1915 2549 2093 2648 ingrasnus
2117 2560 2182 2625 est.

650 2667 822 2759 ‘Quamvis
856 2668 951 2741 enim
987 2668 1025 2742 rii
1061 2650 1230 2743 botanicis
1264 2667 1410 2768 hospes,
1446 2668 1511 2743 hoc
1544 2668 1734 2767 persentire
1765 2668 1854 2743 mihi
1886 2669 2023 2758 videor,
2055 2669 2183 2768 gestire

655 2786 813 2862 animum
848 2798 987 2875 eorum,
1017 2787 1084 2887 qui
1117 2788 1213 2863 hisce
1248 2786 1375 2862 studim
1410 2788 1515 2863 vitam
1549 2772 1758 2878 dicaverint,
1797 2796 1839 2863 ut
1871 2787 1985 2889 ipsam
2021 2796 2184 2881 natmunr

654 2914 873 3007 praesentem
901 2904 1113 3005 adspiciam,
1148 2928 1256 3006 quam
1280 2932 1350 3005 quo
1374 2908 1578 3007 diligentius
1603 2909 1886 3005 exploraverunt,
1914 2928 1961 2982 eo
1984 2909 2098 3008 magis
2116 2908 2182 2983 cd-

653 3028 835 3102 mirautur.
885 3026 1018 3116 Quodsi
1054 3049 1117 3100 sua
1147 3043 1322 3122 quemque
1352 3024 1459 3099 trahit
1493 3025 1673 3122 voluptas,
1710 3026 1790 3122 quis
1818 3048 1888 3100 non
1913 3026 2096 3126 intelligit,
2121 3047 2183 3104 na·

651 3152 754 3218 turae
779 3149 1004 3218 scrutatorem
1031 3151 1067 3216 et
1092 3143 1316 3240 interpretem
1339 3143 1476 3241 ingenti
1500 3143 1671 3216 desiderio
1687 3143 1804 3240 ‘teneri
1826 3142 1960 3217 visendi
1982 3169 2042 3220 aas
2070 3148 2182 3245 regio·

654 3278 738 3351 nes,
771 3282 861 3360 quae
889 3257 1093 3349 fertilitate,
1130 3280 1219 3358 quae
1250 3261 1448 3360 plantarum
1477 3260 1620 3338 luxuria
1642 3268 1679 3335 et
1703 3263 1866 3338 varietate
1888 3262 2038 3362 reliquas
2061 3287 2183 3341 omnes

650 3381 847 3483 ‘superanti
885 3381 965 3456 Hoc
999 3380 1030 3455 si
1066 3381 1102 3454 in
1127 3379 1251 3479 quovis
1278 3379 1442 3455 beterico
1471 3380 1581 3469 valet,
1616 3382 1819 3480 praesertim
1848 3381 1886 3457 in
1922 3403 1970 3457 nn
2002 3399 2183 3460 vsmsron

654 3503 835 3579 'convenire
868 3499 1055 3576 dicendum
1088 3505 1152 3576 estL
1202 3497 1290 3575 Eam
1317 3499 1409 3577 enim
1441 3499 1645 3576 Botanicam
1677 3524 1788 3600 quum
1812 3501 1938 3577 celeret
1961 3504 2180 3602 praesertim,

651 3630 763 3720 ‘quam
789 3620 1030 3720 descriptivnm
1059 3643 1087 3696 s.
1112 3619 1294 3719 specialem
1325 3621 1437 3696 dicere
1459 3621 1593 3710 solent,
1627 3643 1670 3695 ex
1693 3622 1760 3695 hoc
1784 3642 1906 3722 campo
1929 3621 2096 3696 latissime
2119 3639 2179 3721 pa

656 3739 746 3815 tenti
777 3739 908 3814 nullam
940 3748 1073 3839 partem
1104 3739 1283 3815 lubentius
1312 3739 1518 3829 elaborarit,
1544 3760 1656 3839 qnam
1686 3760 1775 3840 qnae
1802 3741 1847 3816 ad
1869 3741 2001 3840 patriae
2024 3743 2180 3818 ¹colonias

652 3858 903 3934 'transmarinas
933 3867 1080 3958 spectat.
1132 3855 1224 3934 uum
1253 3859 1355 3935 edita
1384 3873 1641 3935 anrnwannrrr
1671 3859 1945 3960 peregrinatione
1971 3861 2015 3938 in
2043 3861 2180 3937 insulas

650 3978 915 4068 -Mclneoenses,
947 3983 1029 4053 tum
1062 3972 1253 4079 ditnlgdtis
1276 3979 1441 4054 eiusdem
1474 3978 1776 4078 disquisitionibus
1812 3979 1856 4054 de
1889 3981 2018 4080 plantis
2057 3982 2179 4057 lanas

653 4097 806 4174 Batavae
836 4097 1049 4187 orientalis,
1084 4105 1161 4174 tum
1189 4099 1492 4174 dissertationibus
1520 4099 1566 4174 dc
1588 4119 1709 4175 earum
1734 4100 1915 4200 regionum
1940 4099 2121 4176 amoribus
2143 4109 2179 4176 et

654 4217 785 4317 plantis
809 4217 959 4293 'utilrltus
988 4238 1028 4317 ¹q.
1048 4218 1112 4308 d,
1141 4219 1321 4293 luculente
1335 4203 1495 4294 ostendit
1519 4236 1685 4318 quorsum
1712 4220 1788 4294 eius
1810 4221 1948 4294 animus
1972 4221 2176 4297 ueheretur.

655 4333 873 4425 Accedebat,
903 4339 1004 4436 ‘qnod
1037 4338 1329 4414 accuratissimam
1363 4344 1594 4439 proventuum
1632 4339 1754 4415 Indiae
1787 4339 2019 4439 cognitionem
2042 4358 2176 4414 merce·

650 4461 755 4530 ‘turae
780 4458 824 4528 'et
854 4455 905 4528 tei
933 4457 1112 4555 operariae
1148 4455 1368 4534 utilissimam
1398 4458 1472 4534 icrc
1505 4459 1720 4549 exstimans,
1754 4459 1847 4534 illem
1874 4484 1938 4559 pro
1955 4459 2057 4533 ‘cirilli
2075 4470 2176 4558 parte

649 4588 783 4674 'augere
817 4585 920 4649 snum
952 4576 1126 4654 censebat.
1175 4575 1333 4653 ranem
1358 4578 1433 4651 voti
1467 4595 1608 4679 compos
1629 4569 1764 4668 iactus,
1797 4599 1888 4654 anno
1914 4575 2009 4656 lact
2030 4602 2083 4653 m.
2104 4579 2176 4654 Oa

649 4693 812 4799 'tobri'ln
835 4693 975 4770 indiam
999 4693 1172 4794 proiectos
1199 4703 1262 4771 es't.
1310 4686 1517 4796 Praecipuae
1539 4698 1614 4774 eius
1635 4708 1756 4801 partes
1774 4698 2176 4798 peragrarit3'gravissi·

651 4820 732 4889 'mos
756 4811 938 4888 ¹interdurn
957 4796 1095 4890 “liberes
1117 4823 1395 4917 perpessusest3
1420 4817 1569 4917 plurima
1597 4820 1758 4920 collegit,
1783 4838 1872 4916 quaa
1892 4825 2070 4916 quantum
2092 4817 2175 4892 a'lle·
