<?xml version="1.0" encoding="UTF-8"?>
<!DOCTYPE html PUBLIC "-//W3C//DTD XHTML 1.0 Transitional//EN"
    "http://www.w3.org/TR/xhtml1/DTD/xhtml1-transitional.dtd">
<html xmlns="http://www.w3.org/1999/xhtml" xml:lang="en" lang="en">
 <head>
  <title>
</title>
<meta http-equiv="Content-Type" content="text/html;charset=utf-8" />
  <meta name='ocr-system' content='tesseract 3.04.00' />
  <meta name='ocr-capabilities' content='ocr_page ocr_carea ocr_par ocr_line ocrx_word'/>
</head>
<body>
  <div class='ocr_page' id='page_1' title='image "annalesacademic09unkngoog_0110.png"; bbox 0 0 4967 6175; ppageno 0'>
   <div class='ocr_carea' id='block_1_1' title="bbox 1259 642 1683 715">
    <p class='ocr_par' dir='ltr' id='par_1_1' title="bbox 1259 642 1683 715">
     <span class='ocr_line' id='line_1_1' title="bbox 1259 642 1683 715; baseline 0.007 -7"><span class='ocrx_word' id='word_1_1' title='bbox 1259 642 1683 715; x_wconf 68' lang='grc' dir='ltr'><strong>1.Δ.ῦ.ΙίΟΠΙι8</strong></span> 
     </span>
    </p>
   </div>
   <div class='ocr_carea' id='block_1_2' title="bbox 701 1084 2225 2012">
    <p class='ocr_par' dir='ltr' id='par_1_2' title="bbox 701 1084 2225 2012">
     <span class='ocr_line' id='line_1_2' title="bbox 754 1084 2224 1187; baseline 0.003 -26"><span class='ocrx_word' id='word_1_2' title='bbox 754 1088 810 1161; x_wconf 85' lang='grc' dir='ltr'><strong>Τιι</strong></span> <span class='ocrx_word' id='word_1_3' title='bbox 833 1085 966 1186; x_wconf 80' lang='lat' dir='ltr'><strong>primus</strong></span> <span class='ocrx_word' id='word_1_4' title='bbox 990 1084 1152 1176; x_wconf 75' lang='lat' dir='ltr'><strong>accedas,</strong></span> <span class='ocrx_word' id='word_1_5' title='bbox 1184 1085 1479 1187; x_wconf 85' lang='lat' dir='ltr'><strong>praeatentieeime</strong></span> <span class='ocrx_word' id='word_1_6' title='bbox 1500 1109 1750 1163; x_wconf 78' lang='lat' dir='ltr'><strong>conumreeurr</strong></span> <span class='ocrx_word' id='word_1_7' title='bbox 1775 1090 1819 1181; x_wconf 79' lang='grc' dir='ltr'><strong>ι).</strong></span> <span class='ocrx_word' id='word_1_8' title='bbox 1870 1087 1926 1163; x_wconf 85' lang='lat' dir='ltr'><strong>De</strong></span> <span class='ocrx_word' id='word_1_9' title='bbox 1951 1096 1987 1163; x_wconf 87' lang='lat' dir='ltr'><strong>te</strong></span> <span class='ocrx_word' id='word_1_10' title='bbox 2010 1113 2051 1163; x_wconf 82' lang='lat' dir='ltr'><strong>ec</strong></span> <span class='ocrx_word' id='word_1_11' title='bbox 2071 1089 2154 1167; x_wconf 92' lang='lat' dir='ltr'><strong>olim</strong></span> <span class='ocrx_word' id='word_1_12' title='bbox 2182 1090 2224 1166; x_wconf 83' lang='lat' dir='ltr'><strong>ab</strong></span> 
     </span>
     <span class='ocr_line' id='line_1_3' title="bbox 704 1205 2225 1307; baseline 0.001 -26"><span class='ocrx_word' id='word_1_13' title='bbox 704 1205 954 1283; x_wconf 73' lang='lat' dir='ltr'><strong>adolescentiae</strong></span> <span class='ocrx_word' id='word_1_14' title='bbox 989 1216 1069 1283; x_wconf 90' lang='lat' dir='ltr'><strong>tuce</strong></span> <span class='ocrx_word' id='word_1_15' title='bbox 1103 1205 1382 1307; x_wconf 75' lang='lat' dir='ltr'><strong>praeceptoribus</strong></span> <span class='ocrx_word' id='word_1_16' title='bbox 1412 1206 1629 1305; x_wconf 75' lang='lat' dir='ltr'><strong>occepimus,</strong></span> <span class='ocrx_word' id='word_1_17' title='bbox 1659 1214 1702 1283; x_wconf 92' lang='lat' dir='ltr'><strong>ut</strong></span> <span class='ocrx_word' id='word_1_18' title='bbox 1732 1206 1893 1283; x_wconf 83' lang='lat' dir='ltr'><strong>lubenter</strong></span> <span class='ocrx_word' id='word_1_19' title='bbox 1924 1216 1960 1283; x_wconf 90' lang='lat' dir='ltr'><strong>tc</strong></span> <span class='ocrx_word' id='word_1_20' title='bbox 1984 1206 2021 1283; x_wconf 94' lang='lat' dir='ltr'><strong>in</strong></span> <span class='ocrx_word' id='word_1_21' title='bbox 2044 1207 2225 1306; x_wconf 78' lang='lat' dir='ltr'><strong>discipulo·</strong></span> 
     </span>
     <span class='ocr_line' id='line_1_4' title="bbox 703 1324 2225 1403; baseline 0.002 -4"><span class='ocrx_word' id='word_1_22' title='bbox 703 1350 781 1401; x_wconf 90' lang='lat' dir='ltr'><strong>rum</strong></span> <span class='ocrx_word' id='word_1_23' title='bbox 815 1334 1013 1402; x_wconf 79' lang='lat' dir='ltr'><strong>nostrorum</strong></span> <span class='ocrx_word' id='word_1_24' title='bbox 1047 1350 1233 1401; x_wconf 88' lang='lat' dir='ltr'><strong>numerum</strong></span> <span class='ocrx_word' id='word_1_25' title='bbox 1266 1324 1520 1401; x_wconf 84' lang='lat' dir='ltr'><strong>retulieeemne.</strong></span> <span class='ocrx_word' id='word_1_26' title='bbox 1569 1325 1907 1403; x_wconf 80' lang='lat' dir='ltr'><strong>Commentationem</strong></span> <span class='ocrx_word' id='word_1_27' title='bbox 1939 1325 2040 1401; x_wconf 87' lang='lat' dir='ltr'><strong>nobie</strong></span> <span class='ocrx_word' id='word_1_28' title='bbox 2070 1326 2225 1402; x_wconf 81' lang='lat' dir='ltr'><strong>obtulieti</strong></span> 
     </span>
     <span class='ocr_line' id='line_1_5' title="bbox 704 1443 2225 1545; baseline 0.002 -25"><span class='ocrx_word' id='word_1_29' title='bbox 704 1454 820 1521; x_wconf 81' lang='lat' dir='ltr'><strong>tantae</strong></span> <span class='ocrx_word' id='word_1_30' title='bbox 845 1446 1036 1522; x_wconf 76' lang='lat' dir='ltr'><strong>industriae</strong></span> <span class='ocrx_word' id='word_1_31' title='bbox 1056 1468 1247 1544; x_wconf 87' lang='lat' dir='ltr'><strong>eorumque</strong></span> <span class='ocrx_word' id='word_1_32' title='bbox 1269 1468 1517 1544; x_wconf 80' lang='lat' dir='ltr'><strong>progreeenum</strong></span> <span class='ocrx_word' id='word_1_33' title='bbox 1542 1445 1580 1519; x_wconf 92' lang='lat' dir='ltr'><strong>in</strong></span> <span class='ocrx_word' id='word_1_34' title='bbox 1602 1445 1792 1545; x_wconf 76' lang='lat' dir='ltr'><strong>philologia</strong></span> <span class='ocrx_word' id='word_1_35' title='bbox 1812 1453 1849 1520; x_wconf 89' lang='lat' dir='ltr'><strong>et</strong></span> <span class='ocrx_word' id='word_1_36' title='bbox 1871 1443 1908 1519; x_wconf 93' lang='lat' dir='ltr'><strong>in</strong></span> <span class='ocrx_word' id='word_1_37' title='bbox 1930 1444 2075 1521; x_wconf 76' lang='lat' dir='ltr'><strong>historia</strong></span> <span class='ocrx_word' id='word_1_38' title='bbox 2097 1446 2225 1523; x_wconf 78' lang='lat' dir='ltr'><strong>Gracc</strong></span> 
     </span>
     <span class='ocr_line' id='line_1_6' title="bbox 702 1563 2225 1664; baseline -0.003 -24"><span class='ocrx_word' id='word_1_39' title='bbox 702 1575 847 1654; x_wconf 84' lang='lat' dir='ltr'><strong>testem,</strong></span> <span class='ocrx_word' id='word_1_40' title='bbox 872 1578 913 1641; x_wconf 92' lang='lat' dir='ltr'><strong>ut</strong></span> <span class='ocrx_word' id='word_1_41' title='bbox 933 1565 977 1640; x_wconf 90' lang='lat' dir='ltr'><strong>dc</strong></span> <span class='ocrx_word' id='word_1_42' title='bbox 999 1565 1177 1641; x_wconf 86' lang='lat' dir='ltr'><strong>communi</strong></span> <span class='ocrx_word' id='word_1_43' title='bbox 1206 1564 1365 1639; x_wconf 88' lang='lat' dir='ltr'><strong>omnium</strong></span> <span class='ocrx_word' id='word_1_44' title='bbox 1390 1564 1565 1639; x_wconf 84' lang='lat' dir='ltr'><strong>eontentio</strong></span> <span class='ocrx_word' id='word_1_45' title='bbox 1589 1564 1773 1654; x_wconf 84' lang='lat' dir='ltr'><strong>lendibue,</strong></span> <span class='ocrx_word' id='word_1_46' title='bbox 1798 1586 1889 1663; x_wconf 88' lang='lat' dir='ltr'><strong>qune</strong></span> <span class='ocrx_word' id='word_1_47' title='bbox 1913 1564 2034 1663; x_wconf 83' lang='lat' dir='ltr'><strong>primia</strong></span> <span class='ocrx_word' id='word_1_48' title='bbox 2051 1563 2225 1664; x_wconf 82' lang='lat' dir='ltr'><strong>proximae</strong></span> 
     </span>
     <span class='ocr_line' id='line_1_7' title="bbox 703 1682 2222 1783; baseline -0.001 -24"><span class='ocrx_word' id='word_1_49' title='bbox 703 1691 806 1773; x_wconf 85' lang='lat' dir='ltr'><strong>eunt,</strong></span> <span class='ocrx_word' id='word_1_50' title='bbox 831 1687 986 1760; x_wconf 79' lang='lat' dir='ltr'><strong>ornanda</strong></span> <span class='ocrx_word' id='word_1_51' title='bbox 1006 1684 1190 1760; x_wconf 84' lang='lat' dir='ltr'><strong>videretur.</strong></span> <span class='ocrx_word' id='word_1_52' title='bbox 1240 1682 1318 1759; x_wconf 88' lang='lat' dir='ltr'><strong>Hae</strong></span> <span class='ocrx_word' id='word_1_53' title='bbox 1339 1684 1545 1783; x_wconf 84' lang='lat' dir='ltr'><strong>rogentibne</strong></span> <span class='ocrx_word' id='word_1_54' title='bbox 1567 1684 1668 1760; x_wconf 88' lang='lat' dir='ltr'><strong>nobie</strong></span> <span class='ocrx_word' id='word_1_55' title='bbox 1689 1684 1814 1761; x_wconf 80' lang='lat' dir='ltr'><strong>annuit</strong></span> <span class='ocrx_word' id='word_1_56' title='bbox 1836 1682 1913 1758; x_wconf 86' lang='lat' dir='ltr'><strong>Rex</strong></span> <span class='ocrx_word' id='word_1_57' title='bbox 1933 1682 2222 1783; x_wconf 79' lang='lat' dir='ltr'><strong>Augustieeimue.</strong></span> 
     </span>
     <span class='ocr_line' id='line_1_8' title="bbox 703 1802 2225 1903; baseline -0.003 -24"><span class='ocrx_word' id='word_1_58' title='bbox 703 1804 832 1903; x_wconf 87' lang='lat' dir='ltr'><strong>Accipe</strong></span> <span class='ocrx_word' id='word_1_59' title='bbox 857 1803 966 1903; x_wconf 83' lang='lat' dir='ltr'><strong>igitur</strong></span> <span class='ocrx_word' id='word_1_60' title='bbox 987 1804 1081 1880; x_wconf 92' lang='lat' dir='ltr'><strong>bunc</strong></span> <span class='ocrx_word' id='word_1_61' title='bbox 1107 1826 1292 1879; x_wconf 89' lang='lat' dir='ltr'><strong>nummum</strong></span> <span class='ocrx_word' id='word_1_62' title='bbox 1314 1810 1539 1901; x_wconf 79' lang='lat' dir='ltr'><strong>argenteum,</strong></span> <span class='ocrx_word' id='word_1_63' title='bbox 1563 1812 1700 1881; x_wconf 83' lang='lat' dir='ltr'><strong>atvero</strong></span> <span class='ocrx_word' id='word_1_64' title='bbox 1722 1827 1828 1903; x_wconf 84' lang='lat' dir='ltr'><strong>perge</strong></span> <span class='ocrx_word' id='word_1_65' title='bbox 1854 1827 1925 1901; x_wconf 93' lang='lat' dir='ltr'><strong>quo</strong></span> <span class='ocrx_word' id='word_1_66' title='bbox 1947 1802 2091 1902; x_wconf 90' lang='lat' dir='ltr'><strong>eoepieti</strong></span> <span class='ocrx_word' id='word_1_67' title='bbox 2111 1802 2225 1877; x_wconf 88' lang='lat' dir='ltr'><strong>modo.</strong></span> 
     </span>
     <span class='ocr_line' id='line_1_9' title="bbox 701 1921 2222 2012; baseline -0.001 -15"><span class='ocrx_word' id='word_1_68' title='bbox 701 1923 776 1997; x_wconf 85' lang='lat' dir='ltr'><strong>Aut</strong></span> <span class='ocrx_word' id='word_1_69' title='bbox 800 1922 908 1998; x_wconf 81' lang='lat' dir='ltr'><strong>luleus</strong></span> <span class='ocrx_word' id='word_1_70' title='bbox 933 1947 1015 1999; x_wconf 84' lang='lat' dir='ltr'><strong>eum</strong></span> <span class='ocrx_word' id='word_1_71' title='bbox 1038 1930 1154 2012; x_wconf 84' lang='lat' dir='ltr'><strong>vetes,</strong></span> <span class='ocrx_word' id='word_1_72' title='bbox 1178 1928 1241 1998; x_wconf 87' lang='lat' dir='ltr'><strong>eut</strong></span> <span class='ocrx_word' id='word_1_73' title='bbox 1259 1921 1469 1999; x_wconf 72' lang='lat' dir='ltr'><strong>nodamine</strong></span> <span class='ocrx_word' id='word_1_74' title='bbox 1492 1922 1674 1999; x_wconf 77' lang='lat' dir='ltr'><strong>leideneie</strong></span> <span class='ocrx_word' id='word_1_75' title='bbox 1697 1922 1805 1999; x_wconf 87' lang='lat' dir='ltr'><strong>decue</strong></span> <span class='ocrx_word' id='word_1_76' title='bbox 1826 1923 1895 1997; x_wconf 88' lang='lat' dir='ltr'><strong>erie</strong></span> <span class='ocrx_word' id='word_1_77' title='bbox 1914 1930 1951 1998; x_wconf 90' lang='lat' dir='ltr'><strong>et</strong></span> <span class='ocrx_word' id='word_1_78' title='bbox 1972 1928 2222 1997; x_wconf 85' lang='lat' dir='ltr'><strong>ornamentum.</strong></span> 
     </span>
    </p>
   </div>
   <div class='ocr_carea' id='block_1_3' title="bbox 699 2160 2224 2500">
    <p class='ocr_par' dir='ltr' id='par_1_3' title="bbox 699 2160 2224 2500">
     <span class='ocr_line' id='line_1_10' title="bbox 749 2160 2222 2263; baseline -0.001 -26"><span class='ocrx_word' id='word_1_79' title='bbox 749 2162 799 2237; x_wconf 79' lang='lat' dir='ltr'><strong>Te</strong></span> <span class='ocrx_word' id='word_1_80' title='bbox 825 2186 983 2262; x_wconf 86' lang='lat' dir='ltr'><strong>quoquc,</strong></span> <span class='ocrx_word' id='word_1_81' title='bbox 1007 2186 1113 2261; x_wconf 89' lang='lat' dir='ltr'><strong>quem</strong></span> <span class='ocrx_word' id='word_1_82' title='bbox 1138 2186 1260 2237; x_wconf 89' lang='lat' dir='ltr'><strong>ornere</strong></span> <span class='ocrx_word' id='word_1_83' title='bbox 1283 2161 1414 2261; x_wconf 79' lang='lat' dir='ltr'><strong>gentio,</strong></span> <span class='ocrx_word' id='word_1_84' title='bbox 1439 2162 1549 2237; x_wconf 74' lang='lat' dir='ltr'><strong>Ieidc</strong></span> <span class='ocrx_word' id='word_1_85' title='bbox 1571 2160 1682 2251; x_wconf 83' lang='lat' dir='ltr'><strong>fovet,</strong></span> <span class='ocrx_word' id='word_1_86' title='bbox 1705 2160 2001 2263; x_wconf 82' lang='lat' dir='ltr'><strong>precetuntieeime</strong></span> <span class='ocrx_word' id='word_1_87' title='bbox 2024 2183 2157 2235; x_wconf 82' lang='lat' dir='ltr'><strong>ecnnrn</strong></span> <span class='ocrx_word' id='word_1_88' title='bbox 2180 2163 2222 2252; x_wconf 77' lang='lat'><strong>²).</strong></span> 
     </span>
     <span class='ocr_line' id='line_1_11' title="bbox 699 2278 2223 2381; baseline -0.001 -26"><span class='ocrx_word' id='word_1_89' title='bbox 699 2280 900 2357; x_wconf 85' lang='lat' dir='ltr'><strong>Honorilicn</strong></span> <span class='ocrx_word' id='word_1_90' title='bbox 928 2280 1148 2357; x_wconf 86' lang='lat' dir='ltr'><strong>Medicorum</strong></span> <span class='ocrx_word' id='word_1_91' title='bbox 1174 2288 1227 2355; x_wconf 86' lang='lat' dir='ltr'><strong>est</strong></span> <span class='ocrx_word' id='word_1_92' title='bbox 1254 2279 1299 2355; x_wconf 87' lang='lat' dir='ltr'><strong>de</strong></span> <span class='ocrx_word' id='word_1_93' title='bbox 1324 2287 1387 2355; x_wconf 83' lang='lat' dir='ltr'><strong>tue</strong></span> <span class='ocrx_word' id='word_1_94' title='bbox 1412 2278 1658 2381; x_wconf 83' lang='lat' dir='ltr'><strong>Disputetione</strong></span> <span class='ocrx_word' id='word_1_95' title='bbox 1682 2280 1864 2355; x_wconf 67' lang='lat' dir='ltr'><strong>eontentio„</strong></span> <span class='ocrx_word' id='word_1_96' title='bbox 1914 2279 2007 2355; x_wconf 90' lang='lat' dir='ltr'><strong>Nem</strong></span> <span class='ocrx_word' id='word_1_97' title='bbox 2030 2279 2111 2355; x_wconf 91' lang='lat' dir='ltr'><strong>licet</strong></span> <span class='ocrx_word' id='word_1_98' title='bbox 2135 2280 2223 2368; x_wconf 87' lang='lat' dir='ltr'><strong>eint,</strong></span> 
     </span>
     <span class='ocr_line' id='line_1_12' title="bbox 699 2394 2224 2500; baseline -0.001 -25"><span class='ocrx_word' id='word_1_99' title='bbox 699 2422 790 2499; x_wconf 85' lang='lat' dir='ltr'><strong>quae</strong></span> <span class='ocrx_word' id='word_1_100' title='bbox 822 2401 975 2500; x_wconf 85' lang='lat' dir='ltr'><strong>requiret</strong></span> <span class='ocrx_word' id='word_1_101' title='bbox 1009 2399 1126 2489; x_wconf 88' lang='lat' dir='ltr'><strong>Ordo,</strong></span> <span class='ocrx_word' id='word_1_102' title='bbox 1151 2399 1231 2499; x_wconf 84' lang='lat' dir='ltr'><strong>quie</strong></span> <span class='ocrx_word' id='word_1_103' title='bbox 1254 2422 1324 2475; x_wconf 95' lang='lat' dir='ltr'><strong>non</strong></span> <span class='ocrx_word' id='word_1_104' title='bbox 1348 2398 1490 2499; x_wconf 88' lang='lat' dir='ltr'><strong>plurimi</strong></span> <span class='ocrx_word' id='word_1_105' title='bbox 1511 2398 1635 2487; x_wconf 70' lang='lat' dir='ltr'><strong>molet,</strong></span> <span class='ocrx_word' id='word_1_106' title='bbox 1658 2423 1746 2498; x_wconf 79' lang='lat' dir='ltr'><strong>quoe</strong></span> <span class='ocrx_word' id='word_1_107' title='bbox 1771 2398 1830 2475; x_wconf 93' lang='lat' dir='ltr'><strong>ille</strong></span> <span class='ocrx_word' id='word_1_108' title='bbox 1852 2397 2064 2496; x_wconf 76' lang='lat' dir='ltr'><strong>praedicavit</strong></span> <span class='ocrx_word' id='word_1_109' title='bbox 2086 2394 2224 2486; x_wconf 77' lang='lat' dir='ltr'><strong>lendes,</strong></span> 
     </span>
    </p>
   </div>
   <div class='ocr_carea' id='block_1_4' title="bbox 695 2518 2227 3098">
    <p class='ocr_par' dir='ltr' id='par_1_4' title="bbox 695 2518 2227 3098">
     <span class='ocr_line' id='line_1_13' title="bbox 699 2518 2225 2620; baseline 0.002 -26"><span class='ocrx_word' id='word_1_110' title='bbox 699 2518 909 2619; x_wconf 78' lang='lat' dir='ltr'><strong>singularem</strong></span> <span class='ocrx_word' id='word_1_111' title='bbox 936 2529 1033 2595; x_wconf 88' lang='lat' dir='ltr'><strong>tunm</strong></span> <span class='ocrx_word' id='word_1_112' title='bbox 1056 2519 1232 2595; x_wconf 79' lang='lat' dir='ltr'><strong>doctrinae</strong></span> <span class='ocrx_word' id='word_1_113' title='bbox 1253 2520 1499 2620; x_wconf 78' lang='lat' dir='ltr'><strong>praestantium</strong></span> <span class='ocrx_word' id='word_1_114' title='bbox 1517 2524 1624 2619; x_wconf 82' lang='lat' dir='ltr'><strong>etque</strong></span> <span class='ocrx_word' id='word_1_115' title='bbox 1641 2519 1820 2597; x_wconf 83' lang='lat' dir='ltr'><strong>indicendi</strong></span> <span class='ocrx_word' id='word_1_116' title='bbox 1839 2518 2027 2595; x_wconf 73' lang='lat' dir='ltr'><strong>euenum</strong></span> <span class='ocrx_word' id='word_1_117' title='bbox 2046 2521 2225 2597; x_wconf 81' lang='lat' dir='ltr'><strong>eximium·</strong></span> 
     </span>
     <span class='ocr_line' id='line_1_14' title="bbox 698 2638 2227 2740; baseline 0 -25"><span class='ocrx_word' id='word_1_118' title='bbox 698 2663 768 2739; x_wconf 90' lang='lat' dir='ltr'><strong>qne</strong></span> <span class='ocrx_word' id='word_1_119' title='bbox 800 2639 991 2740; x_wconf 81' lang='lat' dir='ltr'><strong>indagandi</strong></span> <span class='ocrx_word' id='word_1_120' title='bbox 1027 2638 1211 2739; x_wconf 77' lang='lat' dir='ltr'><strong>peritiam?</strong></span> <span class='ocrx_word' id='word_1_121' title='bbox 1254 2638 1374 2715; x_wconf 84' lang='lat' dir='ltr'><strong>Macte</strong></span> <span class='ocrx_word' id='word_1_122' title='bbox 1406 2638 1533 2715; x_wconf 75' lang='lat' dir='ltr'><strong>vutnte</strong></span> <span class='ocrx_word' id='word_1_123' title='bbox 1563 2646 1659 2728; x_wconf 84' lang='lat' dir='ltr'><strong>ceto,</strong></span> <span class='ocrx_word' id='word_1_124' title='bbox 1690 2639 1750 2715; x_wconf 90' lang='lat' dir='ltr'><strong>cui</strong></span> <span class='ocrx_word' id='word_1_125' title='bbox 1784 2640 1879 2715; x_wconf 91' lang='lat' dir='ltr'><strong>hnnc</strong></span> <span class='ocrx_word' id='word_1_126' title='bbox 1911 2647 2094 2738; x_wconf 83' lang='lat' dir='ltr'><strong>occeptum</strong></span> <span class='ocrx_word' id='word_1_127' title='bbox 2119 2638 2227 2715; x_wconf 81' lang='lat' dir='ltr'><strong>refero</strong></span> 
     </span>
     <span class='ocr_line' id='line_1_15' title="bbox 696 2757 2226 2859; baseline -0.001 -26"><span class='ocrx_word' id='word_1_128' title='bbox 696 2782 882 2835; x_wconf 91' lang='lat' dir='ltr'><strong>nummum</strong></span> <span class='ocrx_word' id='word_1_129' title='bbox 912 2782 1079 2849; x_wconf 83' lang='lat' dir='ltr'><strong>aureum,</strong></span> <span class='ocrx_word' id='word_1_130' title='bbox 1112 2765 1150 2835; x_wconf 88' lang='lat' dir='ltr'><strong>et</strong></span> <span class='ocrx_word' id='word_1_131' title='bbox 1180 2758 1230 2834; x_wconf 85' lang='lat' dir='ltr'><strong>eic</strong></span> <span class='ocrx_word' id='word_1_132' title='bbox 1261 2782 1364 2859; x_wconf 88' lang='lat' dir='ltr'><strong>porro</strong></span> <span class='ocrx_word' id='word_1_133' title='bbox 1399 2758 1436 2833; x_wconf 94' lang='lat' dir='ltr'><strong>in</strong></span> <span class='ocrx_word' id='word_1_134' title='bbox 1469 2758 1687 2859; x_wconf 72' lang='lat' dir='ltr'><strong>disciplinam</strong></span> <span class='ocrx_word' id='word_1_135' title='bbox 1715 2766 1815 2836; x_wconf 87' lang='lat' dir='ltr'><strong>tuum</strong></span> <span class='ocrx_word' id='word_1_136' title='bbox 1841 2757 2006 2834; x_wconf 84' lang='lat' dir='ltr'><strong>incumbe</strong></span> <span class='ocrx_word' id='word_1_137' title='bbox 2035 2782 2226 2858; x_wconf 74' lang='lat' dir='ltr'><strong>omnesque</strong></span> 
     </span>
     <span class='ocr_line' id='line_1_16' title="bbox 695 2876 2227 2977; baseline -0.003 -23"><span class='ocrx_word' id='word_1_138' title='bbox 695 2878 824 2956; x_wconf 75' lang='lat' dir='ltr'><strong>mentis</strong></span> <span class='ocrx_word' id='word_1_139' title='bbox 857 2878 944 2955; x_wconf 83' lang='lat' dir='ltr'><strong>vires</strong></span> <span class='ocrx_word' id='word_1_140' title='bbox 980 2878 1117 2968; x_wconf 86' lang='lat' dir='ltr'><strong>excole,</strong></span> <span class='ocrx_word' id='word_1_141' title='bbox 1150 2886 1210 2967; x_wconf 89' lang='lat' dir='ltr'><strong>ut,</strong></span> <span class='ocrx_word' id='word_1_142' title='bbox 1240 2876 1370 2953; x_wconf 79' lang='lat' dir='ltr'><strong>relictio</strong></span> <span class='ocrx_word' id='word_1_143' title='bbox 1395 2877 1606 2955; x_wconf 81' lang='lat' dir='ltr'><strong>Academico</strong></span> <span class='ocrx_word' id='word_1_144' title='bbox 1631 2877 1773 2977; x_wconf 85' lang='lat' dir='ltr'><strong>apetiie,</strong></span> <span class='ocrx_word' id='word_1_145' title='bbox 1806 2877 1851 2953; x_wconf 87' lang='lat' dir='ltr'><strong>dc</strong></span> <span class='ocrx_word' id='word_1_146' title='bbox 1871 2886 1908 2951; x_wconf 85' lang='lat' dir='ltr'><strong>te</strong></span> <span class='ocrx_word' id='word_1_147' title='bbox 1931 2876 2072 2952; x_wconf 90' lang='lat' dir='ltr'><strong>Medico</strong></span> <span class='ocrx_word' id='word_1_148' title='bbox 2095 2876 2227 2953; x_wconf 83' lang='lat' dir='ltr'><strong>civitati</strong></span> 
     </span>
     <span class='ocr_line' id='line_1_17' title="bbox 695 2994 1432 3098; baseline -0.001 -26"><span class='ocrx_word' id='word_1_149' title='bbox 695 2998 828 3098; x_wconf 91' lang='lat' dir='ltr'><strong>optime</strong></span> <span class='ocrx_word' id='word_1_150' title='bbox 855 3020 992 3096; x_wconf 83' lang='lat' dir='ltr'><strong>epernre</strong></span> <span class='ocrx_word' id='word_1_151' title='bbox 1015 2996 1102 3096; x_wconf 91' lang='lat' dir='ltr'><strong>quin</strong></span> <span class='ocrx_word' id='word_1_152' title='bbox 1125 2994 1298 3071; x_wconf 86' lang='lat' dir='ltr'><strong>confidere</strong></span> <span class='ocrx_word' id='word_1_153' title='bbox 1322 2994 1432 3071; x_wconf 84' lang='lat' dir='ltr'><strong>licent.</strong></span> 
     </span>
    </p>
   </div>
   <div class='ocr_carea' id='block_1_5' title="bbox 691 3231 2224 3930">
    <p class='ocr_par' dir='ltr' id='par_1_5' title="bbox 691 3231 2224 3930">
     <span class='ocr_line' id='line_1_18' title="bbox 742 3231 2223 3323; baseline 0 -13"><span class='ocrx_word' id='word_1_154' title='bbox 742 3231 1037 3310; x_wconf 83' lang='lat' dir='ltr'><strong>Pmeetnntieeimi</strong></span> <span class='ocrx_word' id='word_1_155' title='bbox 1058 3251 1208 3308; x_wconf 75' lang='lat' dir='ltr'><strong>recurunt</strong></span> <span class='ocrx_word' id='word_1_156' title='bbox 1230 3239 1268 3307; x_wconf 89' lang='lat' dir='ltr'><strong>et</strong></span> <span class='ocrx_word' id='word_1_157' title='bbox 1290 3251 1435 3306; x_wconf 81' lang='lat' dir='ltr'><strong>mamre</strong></span> <span class='ocrx_word' id='word_1_158' title='bbox 1454 3231 1512 3323; x_wconf 81' lang='lat'><strong>⁸),</strong></span> <span class='ocrx_word' id='word_1_159' title='bbox 1541 3253 1603 3306; x_wconf 84' lang='lat' dir='ltr'><strong>ene</strong></span> <span class='ocrx_word' id='word_1_160' title='bbox 1622 3240 1706 3308; x_wconf 82' lang='lat' dir='ltr'><strong>eunt</strong></span> <span class='ocrx_word' id='word_1_161' title='bbox 1727 3232 2070 3309; x_wconf 82' lang='lat' dir='ltr'><strong>Commentationum</strong></span> <span class='ocrx_word' id='word_1_162' title='bbox 2091 3243 2223 3310; x_wconf 85' lang='lat' dir='ltr'><strong>veetra·</strong></span> 
     </span>
     <span class='ocr_line' id='line_1_19' title="bbox 694 3347 2224 3443; baseline 0.001 -14"><span class='ocrx_word' id='word_1_163' title='bbox 694 3377 774 3430; x_wconf 87' lang='lat' dir='ltr'><strong>rum</strong></span> <span class='ocrx_word' id='word_1_164' title='bbox 813 3354 979 3443; x_wconf 79' lang='lat' dir='ltr'><strong>virtutes,</strong></span> <span class='ocrx_word' id='word_1_165' title='bbox 1013 3359 1071 3442; x_wconf 86' lang='lat' dir='ltr'><strong>ut,</strong></span> <span class='ocrx_word' id='word_1_166' title='bbox 1103 3351 1172 3428; x_wconf 85' lang='lat' dir='ltr'><strong>niel</strong></span> <span class='ocrx_word' id='word_1_167' title='bbox 1204 3349 1379 3426; x_wconf 86' lang='lat' dir='ltr'><strong>Ordinum</strong></span> <span class='ocrx_word' id='word_1_168' title='bbox 1405 3348 1497 3425; x_wconf 87' lang='lat' dir='ltr'><strong>ricee</strong></span> <span class='ocrx_word' id='word_1_169' title='bbox 1522 3347 1573 3424; x_wconf 89' lang='lat' dir='ltr'><strong>eic</strong></span> <span class='ocrx_word' id='word_1_170' title='bbox 1591 3349 1775 3442; x_wconf 74' lang='lat' dir='ltr'><strong>tulissent,</strong></span> <span class='ocrx_word' id='word_1_171' title='bbox 1799 3375 1860 3426; x_wconf 85' lang='lat' dir='ltr'><strong>roe</strong></span> <span class='ocrx_word' id='word_1_172' title='bbox 1883 3360 1977 3426; x_wconf 86' lang='lat' dir='ltr'><strong>certe</strong></span> <span class='ocrx_word' id='word_1_173' title='bbox 2000 3375 2070 3427; x_wconf 92' lang='lat' dir='ltr'><strong>non</strong></span> <span class='ocrx_word' id='word_1_174' title='bbox 2096 3352 2224 3430; x_wconf 90' lang='lat' dir='ltr'><strong>ultimo</strong></span> 
     </span>
     <span class='ocr_line' id='line_1_20' title="bbox 694 3467 2220 3570; baseline 0 -20"><span class='ocrx_word' id='word_1_175' title='bbox 694 3475 768 3550; x_wconf 91' lang='lat' dir='ltr'><strong>loco</strong></span> <span class='ocrx_word' id='word_1_176' title='bbox 801 3474 871 3550; x_wconf 92' lang='lat' dir='ltr'><strong>huc</strong></span> <span class='ocrx_word' id='word_1_177' title='bbox 904 3495 1090 3550; x_wconf 85' lang='lat' dir='ltr'><strong>voooeeem.</strong></span> <span class='ocrx_word' id='word_1_178' title='bbox 1141 3469 1212 3546; x_wconf 84' lang='lat' dir='ltr'><strong>Sed</strong></span> <span class='ocrx_word' id='word_1_179' title='bbox 1244 3493 1305 3546; x_wconf 77' lang='lat' dir='ltr'><strong>voe</strong></span> <span class='ocrx_word' id='word_1_180' title='bbox 1338 3467 1555 3567; x_wconf 84' lang='lat' dir='ltr'><strong>udepiciene,</strong></span> <span class='ocrx_word' id='word_1_181' title='bbox 1588 3471 1747 3570; x_wconf 76' lang='lat' dir='ltr'><strong>egregios</strong></span> <span class='ocrx_word' id='word_1_182' title='bbox 1778 3469 1823 3545; x_wconf 86' lang='lat' dir='ltr'><strong>de</strong></span> <span class='ocrx_word' id='word_1_183' title='bbox 1847 3469 1985 3546; x_wconf 79' lang='lat' dir='ltr'><strong>dnobus</strong></span> <span class='ocrx_word' id='word_1_184' title='bbox 2011 3472 2158 3548; x_wconf 87' lang='lat' dir='ltr'><strong>cemnlie</strong></span> <span class='ocrx_word' id='word_1_185' title='bbox 2182 3475 2220 3550; x_wconf 93' lang='lat' dir='ltr'><strong>in</strong></span> 
     </span>
     <span class='ocr_line' id='line_1_21' title="bbox 693 3587 2218 3690; baseline 0.002 -24"><span class='ocrx_word' id='word_1_186' title='bbox 693 3591 823 3668; x_wconf 89' lang='lat' dir='ltr'><strong>difficili</strong></span> <span class='ocrx_word' id='word_1_187' title='bbox 860 3591 1049 3667; x_wconf 87' lang='lat' dir='ltr'><strong>certemine</strong></span> <span class='ocrx_word' id='word_1_188' title='bbox 1093 3589 1260 3677; x_wconf 81' lang='lat' dir='ltr'><strong>victores,</strong></span> <span class='ocrx_word' id='word_1_189' title='bbox 1301 3587 1422 3676; x_wconf 85' lang='lat' dir='ltr'><strong>doleo,</strong></span> <span class='ocrx_word' id='word_1_190' title='bbox 1457 3611 1568 3664; x_wconf 88' lang='lat' dir='ltr'><strong>unum</strong></span> <span class='ocrx_word' id='word_1_191' title='bbox 1604 3597 1743 3666; x_wconf 83' lang='lat' dir='ltr'><strong>tentum</strong></span> <span class='ocrx_word' id='word_1_192' title='bbox 1776 3589 1864 3666; x_wconf 91' lang='lat' dir='ltr'><strong>mihi</strong></span> <span class='ocrx_word' id='word_1_193' title='bbox 1897 3600 2081 3690; x_wconf 88' lang='lat' dir='ltr'><strong>euppatere</strong></span> <span class='ocrx_word' id='word_1_194' title='bbox 2116 3617 2218 3670; x_wconf 91' lang='lat' dir='ltr'><strong>nnm-</strong></span> 
     </span>
     <span class='ocr_line' id='line_1_22' title="bbox 692 3707 2218 3807; baseline 0.001 -23"><span class='ocrx_word' id='word_1_195' title='bbox 692 3735 789 3786; x_wconf 90' lang='lat' dir='ltr'><strong>mnm</strong></span> <span class='ocrx_word' id='word_1_196' title='bbox 830 3733 987 3786; x_wconf 81' lang='lat' dir='ltr'><strong>ameum.</strong></span> <span class='ocrx_word' id='word_1_197' title='bbox 1049 3709 1158 3784; x_wconf 90' lang='lat' dir='ltr'><strong>Hunc</strong></span> <span class='ocrx_word' id='word_1_198' title='bbox 1190 3718 1253 3798; x_wconf 81' lang='lat' dir='ltr'><strong>tu,</strong></span> <span class='ocrx_word' id='word_1_199' title='bbox 1297 3707 1592 3807; x_wconf 82' lang='lat' dir='ltr'><strong>precetontieaimc</strong></span> <span class='ocrx_word' id='word_1_200' title='bbox 1628 3731 1799 3798; x_wconf 76' lang='lat' dir='ltr'><strong>uourou,</strong></span> <span class='ocrx_word' id='word_1_201' title='bbox 1834 3709 1919 3784; x_wconf 88' lang='lat' dir='ltr'><strong>eorti</strong></span> <span class='ocrx_word' id='word_1_202' title='bbox 1961 3709 2078 3787; x_wconf 81' lang='lat' dir='ltr'><strong>debes.</strong></span> <span class='ocrx_word' id='word_1_203' title='bbox 2137 3713 2218 3786; x_wconf 81' lang='lat' dir='ltr'><strong>Tibi</strong></span> 
     </span>
     <span class='ocr_line' id='line_1_23' title="bbox 691 3824 2215 3930; baseline -0.001 -25"><span class='ocrx_word' id='word_1_204' title='bbox 691 3837 830 3920; x_wconf 87' lang='lat' dir='ltr'><strong>eutem,</strong></span> <span class='ocrx_word' id='word_1_205' title='bbox 863 3829 996 3929; x_wconf 86' lang='lat' dir='ltr'><strong>optime</strong></span> <span class='ocrx_word' id='word_1_206' title='bbox 1028 3851 1194 3917; x_wconf 79' lang='lat' dir='ltr'><strong>mamre,</strong></span> <span class='ocrx_word' id='word_1_207' title='bbox 1235 3824 1326 3902; x_wconf 88' lang='lat' dir='ltr'><strong>huno</strong></span> <span class='ocrx_word' id='word_1_208' title='bbox 1355 3824 1510 3902; x_wconf 86' lang='lat' dir='ltr'><strong>ubertum</strong></span> <span class='ocrx_word' id='word_1_209' title='bbox 1547 3827 1706 3916; x_wconf 61' lang='lat' dir='ltr'><strong>tredenm</strong></span> <span class='ocrx_word' id='word_1_210' title='bbox 1751 3827 1953 3904; x_wconf 80' lang='lat' dir='ltr'><strong>eurumdem</strong></span> <span class='ocrx_word' id='word_1_211' title='bbox 1987 3829 2128 3904; x_wconf 86' lang='lat' dir='ltr'><strong>lendum</strong></span> <span class='ocrx_word' id='word_1_212' title='bbox 2161 3831 2215 3930; x_wconf 88' lang='lat' dir='ltr'><strong>pi·</strong></span> 
     </span>
    </p>
   </div>
   <div class='ocr_carea' id='block_1_6' title="bbox 690 3943 2214 4051">
    <p class='ocr_par' dir='ltr' id='par_1_6' title="bbox 690 3943 2214 4051">
     <span class='ocr_line' id='line_1_24' title="bbox 690 3943 2214 4051; baseline -0.001 -25"><span class='ocrx_word' id='word_1_213' title='bbox 690 3973 802 4051; x_wconf 84' lang='lat' dir='ltr'><strong>gnue,</strong></span> <span class='ocrx_word' id='word_1_214' title='bbox 851 3947 1010 4026; x_wconf 87' lang='lat' dir='ltr'><strong>recordor</strong></span> <span class='ocrx_word' id='word_1_215' title='bbox 1054 3947 1170 4048; x_wconf 56' lang='lat' dir='ltr'><strong>patrie,</strong></span> <span class='ocrx_word' id='word_1_216' title='bbox 1207 3943 1284 4035; x_wconf 84' lang='lat' dir='ltr'><strong>tui,</strong></span> <span class='ocrx_word' id='word_1_217' title='bbox 1332 3951 1413 4020; x_wconf 86' lang='lat' dir='ltr'><strong>ente</strong></span> <span class='ocrx_word' id='word_1_218' title='bbox 1457 3943 1522 4020; x_wconf 87' lang='lat' dir='ltr'><strong>hoe</strong></span> <span class='ocrx_word' id='word_1_219' title='bbox 1564 3945 1796 4047; x_wconf 77' lang='lat' dir='ltr'><strong>qnedreginte</strong></span> <span class='ocrx_word' id='word_1_220' title='bbox 1837 3958 1988 4046; x_wconf 86' lang='lat' dir='ltr'><strong>quotuor</strong></span> <span class='ocrx_word' id='word_1_221' title='bbox 2022 3973 2131 4024; x_wconf 82' lang='lat' dir='ltr'><strong>onnon</strong></span> <span class='ocrx_word' id='word_1_222' title='bbox 2168 3949 2214 4025; x_wconf 84' lang='lat' dir='ltr'><strong>eb</strong></span> 
     </span>
    </p>
   </div>
   <div class='ocr_carea' id='block_1_7' title="bbox 731 4239 2214 4329">
    <p class='ocr_par' dir='ltr' id='par_1_7' title="bbox 731 4239 2214 4329">
     <span class='ocr_line' id='line_1_25' title="bbox 731 4239 2214 4329; baseline 0.005 -28"><span class='ocrx_word' id='word_1_223' title='bbox 731 4239 757 4315; x_wconf 91' lang='lat'><strong>¹)</strong></span> <span class='ocrx_word' id='word_1_224' title='bbox 786 4241 920 4302; x_wconf 77' lang='lat' dir='ltr'><strong>Queeetio</strong></span> <span class='ocrx_word' id='word_1_225' title='bbox 946 4240 1061 4302; x_wconf 85' lang='lat' dir='ltr'><strong>Ordiuie</strong></span> <span class='ocrx_word' id='word_1_226' title='bbox 1087 4241 1159 4304; x_wconf 84' lang='lat' dir='ltr'><strong>Phil.</strong></span> <span class='ocrx_word' id='word_1_227' title='bbox 1186 4243 1291 4304; x_wconf 76' lang='lat' dir='ltr'><strong>Tbecr.</strong></span> <span class='ocrx_word' id='word_1_228' title='bbox 1318 4250 1348 4306; x_wconf 90' lang='lat' dir='ltr'><strong>et</strong></span> <span class='ocrx_word' id='word_1_229' title='bbox 1371 4243 1430 4306; x_wconf 76' lang='lat' dir='ltr'><strong>nit.</strong></span> <span class='ocrx_word' id='word_1_230' title='bbox 1458 4243 1547 4320; x_wconf 77' lang='lat' dir='ltr'><strong>ilum.</strong></span> <span class='ocrx_word' id='word_1_231' title='bbox 1573 4245 1680 4326; x_wconf 81' lang='lat' dir='ltr'><strong>prime:</strong></span> <span class='ocrx_word' id='word_1_232' title='bbox 1708 4247 1944 4329; x_wconf 71' lang='lat' dir='ltr'><strong>Amphictyonum</strong></span> <span class='ocrx_word' id='word_1_233' title='bbox 1965 4245 2073 4307; x_wconf 76' lang='lat' dir='ltr'><strong>concilii</strong></span> <span class='ocrx_word' id='word_1_234' title='bbox 2093 4247 2165 4308; x_wconf 84' lang='lat' dir='ltr'><strong>relic</strong></span> <span class='ocrx_word' id='word_1_235' title='bbox 2185 4255 2214 4309; x_wconf 83' lang='lat' dir='ltr'><strong>ut</strong></span> 
     </span>
    </p>
   </div>
   <div class='ocr_carea' id='block_1_8' title="bbox 573 4333 2011 4425">
    <p class='ocr_par' dir='ltr' id='par_1_8' title="bbox 573 4333 2011 4425">
     <span class='ocr_line' id='line_1_26' title="bbox 573 4333 2011 4425; baseline 0.008 -34"><span class='ocrx_word' id='word_1_236' title='bbox 573 4383 578 4391; x_wconf 89' lang='grc'><em>,</em></span> <span class='ocrx_word' id='word_1_237' title='bbox 688 4335 817 4406; x_wconf 75' lang='lat' dir='ltr'><strong>hicterio,</strong></span> <span class='ocrx_word' id='word_1_238' title='bbox 837 4336 986 4415; x_wconf 73' lang='lat' dir='ltr'><strong>exploretis</strong></span> <span class='ocrx_word' id='word_1_239' title='bbox 1004 4333 1167 4416; x_wconf 71' lang='lat' dir='ltr'><strong>scriptorum</strong></span> <span class='ocrx_word' id='word_1_240' title='bbox 1187 4336 1358 4399; x_wconf 59' lang='lat' dir='ltr'><strong>Minoniie</strong></span> <span class='ocrx_word' id='word_1_241' title='bbox 1378 4347 1408 4400; x_wconf 88' lang='lat' dir='ltr'><strong>et</strong></span> <span class='ocrx_word' id='word_1_242' title='bbox 1425 4348 1666 4403; x_wconf 84' lang='lat' dir='ltr'><strong>monumentorum</strong></span> <span class='ocrx_word' id='word_1_243' title='bbox 1683 4341 1810 4418; x_wconf 87' lang='lat' dir='ltr'><strong>indiciie,</strong></span> <span class='ocrx_word' id='word_1_244' title='bbox 1830 4349 2011 4425; x_wconf 84' lang='lat' dir='ltr'><strong>exponentur.</strong></span> 
     </span>
    </p>
   </div>
   <div class='ocr_carea' id='block_1_9' title="bbox 636 4433 2214 4899">
    <p class='ocr_par' dir='ltr' id='par_1_9' title="bbox 636 4433 2214 4899">
     <span class='ocr_line' id='line_1_27' title="bbox 728 4433 2214 4527; baseline 0.006 -30"><span class='ocrx_word' id='word_1_245' title='bbox 728 4433 756 4518; x_wconf 83' lang='lat'><strong>⁸)</strong></span> <span class='ocrx_word' id='word_1_246' title='bbox 784 4435 919 4498; x_wconf 66' lang='lat' dir='ltr'><strong>Quaestio</strong></span> <span class='ocrx_word' id='word_1_247' title='bbox 948 4435 1063 4497; x_wconf 76' lang='lat' dir='ltr'><strong>ordini·</strong></span> <span class='ocrx_word' id='word_1_248' title='bbox 1090 4435 1283 4500; x_wconf 76' lang='lat' dir='ltr'><strong>Medicorum</strong></span> <span class='ocrx_word' id='word_1_249' title='bbox 1314 4439 1465 4502; x_wconf 70' lang='lat' dir='ltr'><strong>amentur</strong></span> <span class='ocrx_word' id='word_1_250' title='bbox 1492 4441 1641 4524; x_wconf 74' lang='lat' dir='ltr'><strong>descriptio</strong></span> <span class='ocrx_word' id='word_1_251' title='bbox 1660 4443 1808 4522; x_wconf 73' lang='lat' dir='ltr'><strong>glandulae</strong></span> <span class='ocrx_word' id='word_1_252' title='bbox 1826 4450 1978 4526; x_wconf 72' lang='lat' dir='ltr'><strong>proculae,</strong></span> <span class='ocrx_word' id='word_1_253' title='bbox 1999 4445 2028 4505; x_wconf 88' lang='lat' dir='ltr'><strong>in</strong></span> <span class='ocrx_word' id='word_1_254' title='bbox 2049 4445 2144 4527; x_wconf 77' lang='lat' dir='ltr'><strong>primic</strong></span> <span class='ocrx_word' id='word_1_255' title='bbox 2163 4446 2214 4506; x_wconf 88' lang='lat' dir='ltr'><strong>hu·</strong></span> 
     </span>
     <span class='ocr_line' id='line_1_28' title="bbox 686 4527 2213 4622; baseline 0.005 -28"><span class='ocrx_word' id='word_1_256' title='bbox 686 4549 799 4604; x_wconf 83' lang='lat' dir='ltr'><strong>mente,</strong></span> <span class='ocrx_word' id='word_1_257' title='bbox 830 4527 957 4592; x_wconf 80' lang='lat' dir='ltr'><strong>iconibue</strong></span> <span class='ocrx_word' id='word_1_258' title='bbox 986 4528 1155 4605; x_wconf 81' lang='lat' dir='ltr'><strong>illmtretee,</strong></span> <span class='ocrx_word' id='word_1_259' title='bbox 1185 4531 1318 4615; x_wconf 85' lang='lat' dir='ltr'><strong>penitiori</strong></span> <span class='ocrx_word' id='word_1_260' title='bbox 1346 4534 1432 4596; x_wconf 83' lang='lat' dir='ltr'><strong>etiem</strong></span> <span class='ocrx_word' id='word_1_261' title='bbox 1455 4543 1592 4600; x_wconf 78' lang='lat' dir='ltr'><strong>etructme</strong></span> <span class='ocrx_word' id='word_1_262' title='bbox 1617 4537 1800 4622; x_wconf 79' lang='lat' dir='ltr'><strong>microecopio</strong></span> <span class='ocrx_word' id='word_1_263' title='bbox 1825 4539 1972 4618; x_wconf 73' lang='lat' dir='ltr'><strong>indagate,</strong></span> <span class='ocrx_word' id='word_1_264' title='bbox 1999 4541 2116 4616; x_wconf 72' lang='lat' dir='ltr'><strong>additio,</strong></span> <span class='ocrx_word' id='word_1_265' title='bbox 2143 4561 2213 4622; x_wconf 81' lang='lat' dir='ltr'><strong>quae</strong></span> 
     </span>
     <span class='ocr_line' id='line_1_29' title="bbox 686 4623 1365 4708; baseline 0.004 -22"><span class='ocrx_word' id='word_1_266' title='bbox 686 4625 797 4690; x_wconf 83' lang='lat' dir='ltr'><strong>delendi</strong></span> <span class='ocrx_word' id='word_1_267' title='bbox 817 4623 940 4708; x_wconf 73' lang='lat' dir='ltr'><strong>poesim,</strong></span> <span class='ocrx_word' id='word_1_268' title='bbox 960 4624 1138 4688; x_wconf 73' lang='lat' dir='ltr'><strong>conectet·</strong></span> <span class='ocrx_word' id='word_1_269' title='bbox 1157 4627 1365 4708; x_wconf 65' lang='lat' dir='ltr'><strong>phyrinloplcle.</strong></span> 
     </span>
     <span class='ocr_line' id='line_1_30' title="bbox 636 4715 2213 4812; baseline 0.004 -27"><span class='ocrx_word' id='word_1_270' title='bbox 636 4715 643 4728; x_wconf 84' lang='lat'>&#39;</span> <span class='ocrx_word' id='word_1_271' title='bbox 726 4721 753 4804; x_wconf 84' lang='lat'><strong>⁸)</strong></span> <span class='ocrx_word' id='word_1_272' title='bbox 782 4721 917 4786; x_wconf 72' lang='lat' dir='ltr'><strong>Quane</strong></span> <span class='ocrx_word' id='word_1_273' title='bbox 938 4717 1052 4782; x_wconf 85' lang='lat' dir='ltr'><strong>Ordinie</strong></span> <span class='ocrx_word' id='word_1_274' title='bbox 1072 4718 1187 4804; x_wconf 76' lang='lat' dir='ltr'><strong>nndpt</strong></span> <span class='ocrx_word' id='word_1_275' title='bbox 1208 4721 1346 4786; x_wconf 77' lang='lat' dir='ltr'><strong>Metbcm</strong></span> <span class='ocrx_word' id='word_1_276' title='bbox 1364 4730 1393 4785; x_wconf 85' lang='lat' dir='ltr'><strong>et</strong></span> <span class='ocrx_word' id='word_1_277' title='bbox 1411 4723 1522 4802; x_wconf 74' lang='lat' dir='ltr'><strong>Phpeic.</strong></span> <span class='ocrx_word' id='word_1_278' title='bbox 1538 4726 1643 4806; x_wconf 80' lang='lat' dir='ltr'><strong>prime:</strong></span> <span class='ocrx_word' id='word_1_279' title='bbox 1664 4725 1769 4792; x_wconf 78' lang='lat' dir='ltr'><strong>critice</strong></span> <span class='ocrx_word' id='word_1_280' title='bbox 1785 4735 1955 4812; x_wconf 82' lang='lat' dir='ltr'><strong>exponetm,</strong></span> <span class='ocrx_word' id='word_1_281' title='bbox 1974 4731 2041 4811; x_wconf 84' lang='lat' dir='ltr'><strong>quid</strong></span> <span class='ocrx_word' id='word_1_282' title='bbox 2061 4731 2213 4794; x_wconf 85' lang='lat' dir='ltr'><strong>innotuerit</strong></span> 
     </span>
     <span class='ocr_line' id='line_1_31' title="bbox 684 4815 1911 4899; baseline 0.001 -18"><span class='ocrx_word' id='word_1_283' title='bbox 684 4817 720 4881; x_wconf 87' lang='lat' dir='ltr'><strong>de</strong></span> <span class='ocrx_word' id='word_1_284' title='bbox 740 4820 938 4882; x_wconf 87' lang='lat' dir='ltr'><strong>clementorum</strong></span> <span class='ocrx_word' id='word_1_285' title='bbox 958 4815 1113 4899; x_wconf 86' lang='lat' dir='ltr'><strong>ellotropie.</strong></span> <span class='ocrx_word' id='word_1_286' title='bbox 1628 4836 1634 4850; x_wconf 87' lang='lat'><strong>·</strong></span> <span class='ocrx_word' id='word_1_287' title='bbox 1907 4835 1911 4840; x_wconf 86' lang='grc'><strong><em>’</em></strong></span> 
     </span>
    </p>
   </div>
   <div class='ocr_carea' id='block_1_10' title="bbox 0 0 2488 6175">
    <p class='ocr_par' dir='ltr' id='par_1_10' title="bbox 0 0 2488 6175">
     <span class='ocr_line' id='line_1_32' title="bbox 0 0 2488 6175; baseline 0 0"><span class='ocrx_word' id='word_1_288' title='bbox 0 0 2488 6175; x_wconf 95' lang='lat' dir='ltr'><strong> </strong></span> 
     </span>
    </p>
   </div>
  </div>
 </body>
</html>
