4967 6175
707 615 772 681 126
1254 615 1280 682 Ι.
1316 615 1353 682 Α.
1388 615 1422 684 G.
1457 615 1677 685 ROVERS

699 821 947 921 reciperentur,
981 821 1080 911 viris;
1114 845 1263 920 quorum
1285 823 1316 898 ai
1337 823 1409 898 duo
1432 823 1477 900 ab
1504 822 1559 898 his
1583 818 1796 898 actionnibus
1824 819 1973 913 absunt,
2001 821 2227 930 iustissimam

703 941 895 1016 attulerunt
915 941 1093 1018 absentiae
1118 967 1201 1017 suae
1222 966 1375 1019 oausam.
1423 943 1488 1018 aa
1509 968 1591 1019 sane
1615 942 1712 1043 quod
1733 941 1802 1016 iilis
1822 940 1953 1042 gratias
1978 967 2147 1043 agamus,
2170 945 2230 1044 qni

703 1061 739 1134 in
769 1060 839 1136 vita
867 1062 1132 1162 occupatissima
1163 1086 1274 1162 eaque
1307 1070 1441 1154 aetate,
1472 1088 1543 1164 qua
1571 1071 1634 1139 aut
1657 1061 1868 1137 exstinctum
1892 1068 1946 1137 est
1968 1069 2030 1138 aut
2053 1071 2146 1138 certe
2172 1062 2228 1136 de·

703 1180 833 1256 ferbuit
858 1207 986 1258 vonum
1006 1183 1135 1282 gloriae
1158 1183 1335 1274 studium,
1362 1184 1399 1260 in
1419 1183 1485 1260 hoc
1508 1183 1735 1259 Auditorium
1759 1182 1942 1257 convenire
1966 1205 2038 1257 non
2063 1181 2228 1258 detrecta-

702 1302 783 1376 rint.
835 1302 905 1376 Sed
935 1303 1065 1402 gratias
1091 1303 1195 1376 etiam
1222 1301 1361 1402 agimus
1383 1301 1593 1378 Academiae
1622 1300 1870 1391 (iuratoribus,
1893 1301 1974 1400 qui,
1998 1326 2111 1401 quum
2136 1287 2248 1376 ame·⁴

701 1429 843 1522 perant,
875 1422 1087 1498 Professores
1116 1423 1301 1498 nonnullos
1322 1422 1458 1498 dierum
1482 1422 1651 1498 festorum
1675 1422 1876 1498 memoriam
1898 1421 2036 1521 scriptis
2055 1421 2131 1496 anis
2150 1445 2227 1496 con-

704 1547 893 1616 secraturos
924 1565 1017 1630 esse,
1045 1545 1075 1633 ¹)
1110 1565 1180 1616 non
1206 1539 1309 1617 modo
1331 1540 1395 1618 hoc
1419 1541 1603 1617 consilium
1631 1528 1852 1617 vehementer
1872 1540 2084 1640 probarunt,
2111 1565 2227 1616 verum

701 1659 769 1758 ipsi
797 1661 901 1736 etiam
930 1660 967 1734 in
1000 1660 1124 1736 horum
1157 1659 1364 1734 sollennium
1389 1659 1590 1735 memoriam
1614 1684 1657 1734 ex
1681 1659 1854 1734 reditibus
1874 1658 2093 1736 Academicis
2119 1659 2227 1734 Bibli-

699 1779 856 1854 othecam
889 1787 1041 1856 nostram
1074 1778 1267 1879 splendidis
1296 1779 1333 1854 in
1366 1779 1459 1854 vario
1484 1778 1660 1855 doctrinae
1684 1803 1811 1878 genere
1834 1779 1996 1879 operibus
2017 1780 2226 1880 locupletan-

702 1897 783 1972 dam
810 1923 885 1974 esse
910 1899 1118 1975 censuerint.
1169 1899 1338 1987 Esthoc,
1364 1899 1504 2000 siquid
1527 1899 1647 1989 rideo,
1673 1899 1821 2000 dignum
1848 1898 2057 1975 Academiae
2083 1900 2226 1976 Curata

702 2016 800 2091 ribus
824 2016 1013 2092 decretum.

749 2136 836 2224 Sed,
877 2144 918 2212 ut
952 2137 989 2212 in
1027 2161 1100 2212 rem
1139 2143 1356 2237 praesentem
1396 2137 1576 2213 veniamus
1589 2145 1615 2227 ,''
1641 2137 1791 2213 decrevit
1833 2140 1982 2213 Senatus
2019 2137 2225 2214 Academiae

699 2255 1071 2347 Rheno-Traiectam,
1089 2258 1218 2334 exactis
1237 2282 1259 2333 a
1276 2257 1417 2332 condita
1427 2257 1619 2333 Academia
1633 2258 1752 2333 lustris
1763 2257 1918 2356 quinque
1930 2265 1965 2332 et
1978 2257 2225 2357 quadraginta,

1155 2377 1322 2454 Doctores
1345 2377 1485 2454 honoris
1508 2403 1615 2454 causa
1639 2402 1779 2467 creare,

747 2499 784 2570 in
807 2497 992 2572 Facultate
1017 2497 1260 2597 Philosophiae
1282 2499 1489 2574 theoreticae
1512 2505 1548 2572 et
1574 2497 1771 2574 bimorum
1794 2498 2046 2586 hamaiomm,

747 2617 858 2690 virum
887 2615 1127 2692 Clarissimum
1162 2617 1416 2702 Gravissimum
1449 2641 1673 2694 eaeeoarorr
1695 2641 1791 2694 nrm
1813 2639 1970 2692 nomini
1990 2616 2062 2704 fit,
2093 2616 2129 2689 in
2153 2617 2225 2690 'Pri-

697 2734 816 2808 bunali
842 2735 1131 2811 Roterodamensi
1155 2736 1328 2826 iudicem,
1351 2737 1437 2812 olim
1460 2736 1498 2812 in
1517 2737 1656 2813 Illustri
1677 2736 1982 2814 Darentriensium
2006 2736 2123 2810 ecbola
2146 2737 2225 2810 Pro·

699 2855 884 2945 fessorem,
909 2863 946 2928 et

748 2975 861 3049 virum
885 2974 1173 3050 Eruditissimum
1199 2996 1435 3050 armannum
1459 2996 1705 3050 unuanouuna
1729 2996 1804 3050 vsu
1829 2997 1904 3050 nna
1929 2999 2050 3065 roua,
2075 2975 2224 3050 Societa-

697 3095 760 3184 tis,
786 3118 877 3193 quac
901 3093 1007 3169 fibros
1032 3118 1145 3171 sacros
1169 3095 1412 3195 propagandos
1435 3101 1556 3184 emat,
1579 3094 1799 3195 delegatum

746 3217 783 3289 ia
807 3214 992 3289 Faceltote
1015 3216 1175 3305 Medica,

746 3334 858 3407 virum
885 3332 1154 3433 Amplissimum
1182 3324 1386 3413 armenon
1411 3356 1646 3413 resacraomr
1670 3356 1760 3426 eos,
1784 3334 2003 3413 Medicorum
2024 3336 2226 3413 militarium

695 3454 813 3531 classis
838 3452 1110 3529 Nederfandioae
1133 3454 1374 3531 Praefectum:

744 3577 781 3647 ia
804 3572 986 3647 Facuhtute
1011 3574 1208 3649 Matheeeoa
1231 3580 1268 3649 et
1289 3574 1537 3671 Phimoptae
1563 3576 1757 3664 malie,

747 3688 860 3765 virum
887 3686 1154 3786 Amplissimnm
1183 3696 1343 3767 roriconi
1369 3714 1521 3771 raucone
1548 3713 1736 3782 emesan,
1762 3693 1957 3771 'tribunum
1981 3694 2153 3781 militum,
2177 3692 2223 3769 ad

699 3811 819 3911 popuii
843 3806 994 3885 Comitia
1017 3808 1241 3908 delegatum:
1691 3812 1704 3821 ‘

744 4120 769 4201 ¹)
799 4140 828 4185 o
860 4138 1010 4183 sonamus
1041 4120 1166 4181 Flaccus.
1207 4118 1269 4179 Eea
1299 4118 1357 4179 tlte
1387 4139 1422 4195 op
1453 4120 1511 4195 riis
1538 4122 1629 4193 levem
1659 4121 1732 4193 etiae
1758 4077 1866 4180 erudiere
1889 4138 1923 4180 ea
1948 4121 2129 4181 dieiteerkec
2155 4121 2221 4180 door

705 4236 728 4278 Β.
744 4230 922 4370 (1333in
961 4310 1022 4370 an
1041 4308 1228 4385 aetermam,
1249 4314 1279 4368 te
1305 4310 1421 4370 ΠΜ
1441 4311 1635 4390 eamean
1652 4313 1721 4373 door
1740 4310 1797 4373 dir.
1816 4326 2068 4373 emortuom.

716 4403 1043 4482 'LeKlpholoprcpha
1081 4403 2223 4489 Noaertmmdeaiuedtarntmuflpveeeaedimama

705 4502 785 4561 cretae
804 4518 839 4558 ou
857 4498 890 4557 de
908 4500 938 4557 la
959 4496 1014 4557 tite
1030 4496 1172 4569 umiae,
1187 4516 1247 4575 par
1267 4514 1294 4558 e.
1317 4514 1465 4560 marma.

745 4594 912 4655 Prodroaraa
931 4593 1088 4671 symmatie
1109 4593 1292 4670 cycodeoreu.
1331 4593 1433 4653 Edidit
1451 4612 1479 4656 r.
1502 4614 1530 4656 a.
1551 4604 1633 4657 oum.
1654 4614 1779 4661 nraurn.

742 4692 787 4749 De
813 4690 930 4749 Schema
957 4707 1023 4749 coar
1051 4707 1084 4749 ea
1111 4688 1193 4748 order
1219 4688 1312 4748 Kcreh
1337 4689 1388 4748 dea
1416 4690 1528 4751 (herote
1570 4692 1709 4769 falcidiap
1734 4699 1779 4753 tot
1797 4712 1860 4753 eece
1878 4689 2150 4769 Recupeechiedenir
2169 4709 2222 4749 carr
2290 4713 2292 4716 ·

702 4788 748 4845 het
767 4785 834 4844 door
853 4786 905 4845 lea
925 4786 1063 4847 tucca&
1076 4785 1197 4862 pometa
1216 4802 1297 4846 cerea
1319 4784 1494 4849 raama
1512 4788 1581 4850 deor
1603 4788 1660 4852 ltr.
1680 4807 1709 4853 r.
1728 4805 1752 4849 r.
1769 4803 1797 4850 a.
1817 4805 1858 4849 na
1877 4804 1956 4849 erm
1978 4804 2041 4849 aas
2061 4801 2202 4848 corrasa
