4967 6175
670 659 714 727 38
1261 655 1298 721 A.
1339 656 1600 723 [under

718 864 773 939 De
803 860 1012 937 Academico
1040 859 1272 935 instrumento
1302 885 1344 936 ao
1374 860 1579 961 supellectili
1601 883 1713 959 pauca
1737 858 1898 935 addenda
1924 867 2028 949 Μὴ
2053 860 2195 961 singula

669 983 763 1058 enim
797 982 1008 1057 incrementa
1040 1004 1241 1055 enumerare
1276 979 1421 1080 longum
1453 989 1516 1056 est.
1567 980 1654 1079 Spes
1695 976 1795 1053 nobie
1825 977 1917 1055 tacte
1949 987 2004 1055 eat
2041 979 2116 1055 lbra
2151 988 2193 1065 ut

668 1102 765 1179 brevi
791 1100 1020 1177 incommodis
1054 1099 1299 1188 subveniebat,
1333 1124 1424 1197 quoa
1452 1099 1550 1175 libris
1581 1099 1619 1173 in
1643 1098 1859 1175 Bibliotheca
1886 1100 2096 1176 Academica
2120 1126 2190 1177 eer-

669 1223 756 1299 vetis
788 1247 880 1323 aqua
911 1220 1067 1299 coelestis
1098 1228 1135 1294 et
1164 1219 1231 1295 laci
1263 1218 1444 1319 angustiae
1478 1218 1631 1318 pariunt.
1679 1220 1862 1294 Pmtarce
1887 1218 1976 1294 votis
1998 1220 2106 1295 semel
2126 1220 2191 1296 ite·

666 1366 815 1442 rumque
840 1364 901 1442 pro
924 1342 1080 1438 catalogo
1104 1338 1238 1413 edendo
1261 1338 1472 1437 nuncupatis
1488 1339 1630 1414 muriam
1650 1338 1816 1414 satisfiat:
1842 1362 2062 1415 rubrensem
2078 1338 2192 1415 noemi

666 1461 828 1561 auspiciis
860 1467 1004 1535 eatanm
1033 1458 1228 1535 deberetne
1253 1466 1327 1546 est,
1360 1467 1403 1532 ut
1429 1457 1497 1532 nisi
1524 1482 1585 1557 spe
1607 1457 1768 1535 labamur
1793 1457 1860 1533 boc
1885 1459 1962 1559 ipso
1985 1482 2078 1534 enno
2099 1460 2192 1559 typis

667 1582 825 1659 mandari
847 1579 968 1679 possit

716 1700 775 1777 Ad
799 1700 965 1775 Muscam
991 1697 1237 1773 Nummeriam
1262 1705 1317 1771 tot
1343 1722 1506 1771 nummos
1526 1696 1710 1772 manusc
1734 1696 1954 1785 audivimus,
1978 1704 2021 1771 ut
2045 1695 2193 1780 libenter

668 1819 868 1896 Clarissimo
898 1842 973 1895 van
1002 1840 1077 1893 nra
1107 1841 1200 1891 curs
1230 1817 1339 1891 fidam
1369 1815 1559 1891 babeamus
1581 1815 1787 1903 affirmanti,
1816 1816 1853 1889 in
1875 1802 1918 1891 ec
1940 1840 2016 1891 essa
2037 1824 2079 1891 ut
2101 1819 2191 1893 Aca·

661 1940 783 2015 'damis
817 1946 934 2012 nostra
966 1936 1169 2012 thesaurum
1202 1936 1399 2036 possideat,
1434 1934 1546 2033 qualis
1576 1924 1849 2011 Unicereitatem
1883 1934 2049 2013 maiorem
2080 1936 2192 2025 decet,

667 2061 740 2135 lam
774 2082 869 2145 nimo
902 2065 938 2132 et
968 2056 1086 2131 Musei
1108 2064 1144 2131 at
1166 2056 1241 2131 mus
1265 2055 1428 2155 praelecti
1451 2055 1579 2129 emam
1608 2078 1751 2153 peregre
1773 2079 1915 2153 quoque
1938 2078 2094 2155 sparsam
2116 2080 2193 2131 ease

666 2176 819 2253 ostendit
851 2201 943 2252 anno
975 2176 1149 2275 superiora
1181 2176 1372 2251 Academia
1401 2174 1652 2262 Metdtiensin,
1692 2174 1783 2250 Glar.
1815 2198 1889 2249 vrrs
1924 2198 1998 2249 cra
2028 2198 2120 2249 curs
2153 2175 2193 2249 in

667 2296 836 2373 sudorum
874 2303 1070 2371 exterorum
1103 2319 1290 2371 numerum
1321 2295 1476 2383 adscito,
1509 2318 1615 2392 quem
1642 2293 1806 2370 bonorem
1832 2293 1867 2368 ei
1891 2294 2117 2393 gratubsmur.
2143 2334 2193 2359 m

665 2416 816 2515 Reliqua
847 2415 952 2490 ctiam
984 2415 1110 2489 Musea
1137 2413 1346 2491 Academica
1367 2422 1404 2488 ct
1430 2413 1635 2491 laboratoris
1659 2412 1835 2493 assiduam
1860 2413 2110 2511 praefectorum
2131 2438 2193 2489 crr-

666 2558 740 2611 rem
776 2542 958 2611 testantur.
1015 2534 1112 2610 Idem
1144 2536 1189 2610 de
1221 2534 1320 2608 horto
1350 2533 1510 2609 betamcc
1539 2541 1575 2609 ct
1599 2535 1644 2608 de
1667 2534 1808 2633 specula
1832 2533 2060 2613 astronomica
2082 2533 2195 2608 velere

668 2662 791 2753 sponte
822 2654 1037 2754 intelligitur.
1087 2654 1180 2729 Tabi
1210 2654 1262 2728 illi
1294 2654 1400 2753 optici
1437 2656 1603 2741 maiores,
1639 2652 1769 2752 quibus
1803 2653 1887 2727 bace
1919 2653 1990 2727 iarn
2025 2652 2196 2727 musceta

666 2782 739 2863 ert,
774 2775 950 2873 proposito
984 2799 1048 2849 suo
1075 2774 1214 2874 egregie
1246 2772 1471 2849 aetbfaciunt.
1523 2774 1602 2863 Quo
1625 2773 1738 2872 megia
1766 2773 1936 2851 labamur
1958 2796 2039 2847 oum
2067 2772 2194 2846 Claris-

669 2894 756 2969 simo
779 2917 937 2983 urana,
962 2894 1058 2992 qued
1082 2894 1151 2993 legi
1170 2894 1216 2967 de
1238 2894 1346 2968 altaro
1370 2893 1589 2967 observatore
1615 2892 1764 2967 meando
1785 2893 1875 2969 latae
1898 2916 2079 2975 assensum
2097 2915 2195 2991 prae·

665 3014 818 3090 buerunt
842 3012 993 3086 Ordines
1018 3012 1214 3087 Generaler.
1265 3012 1535 3109 Impedimente,
1561 3034 1651 3107 quaa
1679 3011 1880 3084 edemnum
1904 3018 2054 3100 restam,
2078 3010 2125 3085 ab
2152 3032 2197 3085 ee

666 3139 867 3230 superatum
902 3129 946 3202 iri
977 3129 1106 3228 pignus
1135 3129 1237 3203 nobis
1260 3136 1315 3202 eat
1340 3128 1491 3202 nominis
1513 3127 1609 3201 illiue
1633 3127 1814 3226 splendor,
1839 3127 1876 3201 in
1899 3127 2024 3201 mediis
2048 3128 2195 3204 diffloul·
2266 3223 2270 3228 ι

666 3250 799 3328 tatibus
818 3257 958 3350 partus,
983 3271 1088 3347 quem
1110 3247 1244 3322 utinam
1268 3253 1398 3346 angat
1416 3269 1506 3321 nova
1528 3245 1688 3345 sponde,
1707 3245 1956 3335 astronomiae,
1974 3270 2019 3320 ec
2035 3247 2194 3346 auspice,

667 3371 869 3446 utilissima!

713 3492 774 3566 Ad
808 3489 946 3564 tabulas
973 3489 1103 3588 pictas,
1137 3511 1226 3586 quac
1250 3486 1287 3560 in
1313 3485 1482 3563 Scaeuola
1503 3491 1704 3578 sanantur,
1728 3484 1873 3560 merit
1896 3485 2013 3584 imago
2033 3485 2194 3562 Celeber-

668 3610 748 3686 rimi
783 3633 936 3684 aurern
969 3631 1136 3696 waccar,
1169 3606 1377 3706 Theologriae
1409 3605 1586 3704 quondm
1615 3603 1839 3692 Profaarcria,
1867 3629 1941 3703 qua
1969 3629 2072 3704 segre
2100 3630 2194 3681 care·

669 3731 805 3804 bamus.
839 3731 986 3805 Factum
1005 3728 1069 3802 hoo
1092 3734 1145 3801 est
1167 3725 1371 3799 liberalitate
1392 3725 1468 3802 Viri
1487 3725 1705 3800 Nobilissimi
1726 3725 1873 3806 Barcaie
1896 3748 1971 3798 vars
1990 3747 2193 3815 recursare,

670 3848 870 3924 breviante
899 3846 1085 3924 demortui.
1133 3845 1239 3937 Quod
1265 3844 1486 3920 benefactum
1506 3870 1549 3919 eo
1576 3844 1755 3922 lubentius
1782 3843 1920 3943 publica
1945 3869 2193 3934 commemoro,

670 3995 742 4069 quo
765 3969 897 4067 gratius
921 3967 1010 4042 illud
1035 3967 1167 4040 donum
1193 3964 1338 4040 Senetm
1359 3964 1440 4040 fuit.

720 4091 775 4162 De
809 4087 1017 4164 Noeocomio
1049 4086 1184 4162 utinam
1217 4085 1399 4184 splendido
1430 4085 1490 4162 illo
1523 4084 1680 4159 encomio
1710 4083 1763 4158 uti
1793 4107 1953 4182 possem,
1986 4084 2082 4183 quod
2106 4085 2195 4169 mibi

673 4217 883 4285 reservatum
927 4233 1002 4282 ease
1038 4207 1200 4307 sperabat
1235 4206 1349 4305 magia
1384 4230 1491 4304 quam
1526 4204 1724 4280 confidebat
1760 4228 1853 4279 aune
1891 4203 2064 4304 superiore
2097 4204 2193 4288 Olor,

674 4351 722 4404 nr
755 4352 848 4404 wem
898 4327 969 4424 At,
1000 4328 1107 4402 cheul
1142 4325 1316 4426 splendidi
1345 4325 1432 4399 nibil
1462 4347 1729 4400 commemorare
1760 4325 1849 4401 lieet.
1899 4325 1991 4400 Sane
2018 4349 2090 4400 non
2112 4331 2196 4406 suni

675 4447 794 4524 debita
820 4447 923 4522 leude
958 4445 1187 4522 defraudandi
1217 4444 1437 4544 Amplibaimi
1469 4445 1677 4531 Quom,
1704 4445 1805 4543 quod
1826 4444 2036 4520 Academiae
2059 4444 2137 4518 iura
2156 4449 2197 4518 et

674 4567 856 4644 commoda
878 4573 1016 4640 strenue
1038 4565 1258 4642 vindicarunt
1265 4598 1275 4653 3
1301 4563 1363 4638 sed
1385 4587 1506 4638 acrum
1532 4570 1676 4638 coaetus
1700 4589 1880 4664 prosperos
1906 4585 2196 4640 rememorem

676 4689 762 4762 dum
793 4685 1009 4774 habuerunt,
1043 4685 1081 4759 id
1107 4685 1202 4784 quod
1226 4709 1296 4758 non
1323 4689 1439 4758 nostra
1460 4690 1599 4758 tantum
1627 4684 1689 4758 sed
1704 4684 1864 4761 civitatis
1887 4681 2197 4758 etiamleidenair

675 4831 779 4883 causa
804 4806 971 4882 dolemus.
1020 4804 1134 4881 Nobis
1158 4830 1237 4881 vero
1259 4804 1347 4880 nihil
1360 4803 1466 4890 =aliud
1488 4803 1646 4880 relictum
1669 4811 1744 4895 eat,
1776 4828 1882 4903 quem
1910 4810 1952 4879 ut
1973 4803 2095 4903 quavis
2116 4801 2199 4878 data
