4967 6175
911 743 1189 815 oulrru
1726 750 1812 817 ‘W

289 954 465 1029 literarum
492 949 674 1051 peritiam,
705 951 894 1049 exquisitas
915 954 1057 1029 omnino
1079 951 1211 1059 ingenii
1235 953 1414 1057 animique
1435 956 1557 1033 laudes
1582 954 1702 1056 magni
1723 954 1810 1031 fece·

287 1084 379 1151 runt
429 1073 570 1148 Primus
602 1070 674 1146 vita
708 1070 857 1147 decessit
890 1095 933 1147 ex
966 1096 1084 1147 eornm
1119 1073 1400 1151 commilitonum
1431 1098 1595 1165 numero,
1630 1074 1693 1174 qui
1718 1098 1810 1150 enno

286 1216 500 1285 erorooocxv
530 1200 667 1280 tecum,
702 1189 764 1265 Vir
794 1190 912 1290 Ampl.
946 1212 1021 1265 var
1043 1212 1237 1280 menno,
1261 1216 1368 1292 quem
1389 1194 1488 1269 Deus
1511 1194 1574 1269 din
1598 1193 1809 1271 ineolumem

285 1312 386 1388 nobis
421 1320 554 1399 servet,
591 1334 634 1387 ex
665 1309 939 1409 Hieronymiano
971 1310 1018 1386 od
1052 1308 1280 1387 Academiam
1316 1318 1400 1387 eunt
1432 1312 1579 1389 dimissi.
1632 1313 1807 1414 Equidem

285 1434 441 1532 impense
464 1430 621 1531 gaudeo,
645 1428 881 1507 Bibliothecae
901 1429 1120 1507 Praefectum
1145 1454 1201 1505 me
1228 1453 1271 1506 eo
1294 1454 1450 1522 vocasse,
1475 1457 1548 1536 qno
1570 1432 1645 1533 ipse
1667 1434 1805 1511 animus

286 1550 498 1652 impulisset,
524 1556 564 1624 nt
587 1548 711 1649 optimi
730 1549 794 1625 riri
816 1550 1017 1627 memoriam
1041 1550 1096 1627 his
1118 1549 1332 1629 sollennibue
1352 1553 1642 1631 commendarem.

503 1712 719 1811 Ἐπάμεροι·
742 1718 790 1789 τί
806 1714 856 1793 δέ
874 1745 965 1809 1033
989 1716 1087 1795 τίδ’
1112 1720 1158 1797 οὔ
1182 1746 1271 1811 rm
1295 1725 1412 1806 σκιᾶς
1436 1720 1535 1819 ὄναρ

500 1832 717 1933 me

315 2028 370 2119 ,In
404 2026 489 2103 haec
519 2026 661 2103 Pindari
693 2028 852 2124 verba1)
881 2036 1004 2130 sponte
1024 2029 1232 2121 incidimus,
1263 2031 1368 2108 allato
1389 2032 1557 2108 iuvenum
1581 2029 1692 2106 obitu
1731 2031 1797 2106 Or·
1907 1984 1922 1993 d

279 2146 448 2223 notissimi
481 2170 796 2225 smanuonnenn
828 2158 864 2225 et
888 2172 1010 2241 vorin,
1043 2150 1154 2250 spatia
1173 2150 1383 2227 Academica
1405 2151 1462 2227 vix
1484 2148 1651 2250 ingressi,
1675 2150 1798 2226 eodem

278 2267 396 2343 morbo
424 2267 579 2343 sbsumti
600 2267 721 2343 eodem
747 2270 804 2345 die
828 2278 911 2347 sunt
931 2274 976 2365 θ).
1025 2270 1074 2345 Et
1097 2270 1154 2344 vix
1180 2268 1334 2347 decursis
1355 2270 1425 2345 illis
1448 2269 1570 2370 spatiis
1594 2269 1687 2344 diem
1709 2269 1797 2345 obiit

276 2386 565 2463 Consultissimus
600 2410 817 2465 coemant
853 2392 908 2484 θ),
945 2390 1079 2467 fruetus
1115 2413 1256 2488 sperans
1292 2390 1492 2490 diligentiae
1527 2412 1720 2488 operaeque
1757 2390 1794 2467 ln

276 2506 553 2607 lurisprudentie
586 2507 806 2586 laudabiliter
837 2512 980 2611 positae.
1029 2510 1187 2587 Fuerunt
1219 2510 1304 2588 baec
1327 2511 1449 2587 lunera
1472 2510 1614 2599 acerba,
1645 2535 1794 2609 quorum

273 2650 405 2703 memor
427 2626 631 2727 parentibus
658 2634 765 2729 etque
786 2630 943 2731 cognatis
962 2629 1000 2707 in
1026 2630 1283 2708 carissimorum
1308 2632 1463 2731 capitum
1484 2629 1655 2707 desiderio
1674 2632 1793 2708 efficax

272 2747 398 2823 doloris
430 2748 585 2825 levamen
614 2772 659 2825 ex
690 2743 807 2827 animo
836 2758 929 2850 opto.
979 2750 1052 2828 Vos
1085 2757 1203 2827 entem
1229 2749 1445 2852 adspiciens,
1476 2748 1601 2849 optimi
1623 2749 1791 2840 Iuvenes,

272 2868 365 2943 absit
388 2892 482 2946 mors
504 2874 596 2958 ntra,
621 2869 760 2969 preccrl

315 3229 415 3304 Intro
442 3234 520 3304 octo
550 3250 720 3304 annornm
756 3225 907 3328 spetlum
937 3224 992 3301 bis
1014 3224 1221 3326 magistratu
1243 3225 1452 3303 Academico
1473 3226 1575 3326 fungi
1600 3225 1696 3302 baud
1717 3230 1787 3302 seio

267 3373 311 3424 nn
340 3347 474 3423 nemini
504 3345 661 3422 rideatur
693 3345 773 3421 finis
810 3346 991 3422 bonorum.
1049 3343 1130 3420 Hoc
1160 3352 1277 3420 tamen
1301 3343 1333 3419 si
1356 3345 1415 3420 oui
1439 3355 1602 3446 paratur,
1626 3345 1824 3445 obtinget‘

266 3467 354 3568 ipsi,
378 3468 474 3567 qnod
499 3466 642 3542 mihist
663 3467 861 3566 Groningne
887 3465 1033 3564 contigit
1059 3471 1096 3539 et
1118 3463 1287 3553 Traiecti,
1312 3470 1353 3538 ut
1366 3465 1610 3564 magistratum
1628 3487 1670 3538 eo
1686 3474 1786 3564 geret

265 3612 374 3677 anno,
412 3611 483 3685 qno
517 3585 666 3662 victores
697 3584 735 3661 in
766 3585 952 3662 certamine
986 3581 1134 3660 litarario
1169 3581 1381 3659 sollennibus
1419 3583 1547 3660 noemin
1581 3583 1782 3660 interfuturi

266 3715 355 3783 runt
404 3707 498 3782 Nam
523 3705 675 3805 praemio
698 3705 807 3807 Regis
830 3704 1067 3783 munificentie
1087 3704 1296 3793 constituta,
1320 3705 1480 3780 stimulos
1504 3705 1582 3781 illos
1604 3704 1780 3781 doctrinae

264 3827 542 3916 honestissimos,
574 3825 653 3925 quis
684 3849 754 3901 non
789 3825 1029 3902 lubentissime
1058 3823 1189 3900 tradit?
1234 3824 1361 3923 Itaque
1395 3847 1474 3913 vos,
1506 3823 1552 3901 A.
1571 3824 1637 3913 A„
1667 3824 1782 3902 favete

264 3947 412 4047 linguis,
437 3953 544 4022 testes
566 3945 756 4035 bonorum,
779 3944 841 4045 qui
860 3953 1010 4046 quatuor
1027 3943 1176 4044 egregiis
1195 3942 1380 4020 iuvenibus
1398 3942 1651 4043 impertientur.
1684 3943 1780 4020 Ante

265 4077 380 4143 temen
413 4073 468 4154 te,
503 4065 595 4141 Glar.
628 4085 763 4153 rnnrn,
798 4065 861 4164 qui
893 4064 1045 4140 Senatus
1074 4065 1166 4140 Acte
1199 4087 1301 4139 curas
1324 4062 1480 4162 mihique
1506 4062 1603 4138 omni
1626 4063 1780 4139 muneris

263 4186 371 4262 nostri
392 4193 550 4285 tempora
570 4185 665 4260 fidus
687 4207 852 4260 sonares
877 4184 995 4274 luisti,
1025 4191 1189 4284 rogntnm
1213 4182 1336 4270 velim,
1361 4190 1402 4256 ut
1424 4181 1597 4256 Ordinum
1618 4181 1662 4256 de
1683 4205 1777 4258 corn·

263 4304 532 4383 mentationibus
556 4304 601 4380 sd
625 4328 689 4380 nos
712 4303 824 4380 allatis
848 4303 976 4380 iudicia
998 4303 1119 4380 recites
1144 4302 1189 4392 ⁴).

261 4513 551 4536 -ι--Ι-Ἀ

301 4645 326 4718 Ι)
354 4641 439 4723 Ppth.
457 4639 549 4713 VIII,
571 4643 620 4702 95.

300 4739 327 4816 ⁸)
355 4739 393 4801 D.
413 4735 543 4800 x11uoii
561 4750 750 4797 ororncecnxr.

299 4835 323 4916 Ι)
353 4835 391 4896 D.
412 4851 457 4894 rrr
476 4831 553 4894 Nor.
572 4845 765 4894 orcmcocnxr.

300 4930 629 5011 bffiffifflm
