4967 6175
922 662 1200 732 ORATlO.
1778 664 1823 731 29

298 884 408 987 igitur
438 881 601 968 miretur,
634 902 762 979 magno
796 876 889 952 illius
919 875 1089 951 desiderio
1121 876 1231 949 teneri
1263 872 1477 950 carissimam
1506 873 1710 977 coniugem,
1741 901 1820 976 pro·

299 1007 468 1108 pinques,
503 1000 652 1089 amicos,
687 998 779 1074 cives
811 996 1021 1085 Leidenses,
1053 1019 1173 1073 omnes
1207 994 1336 1093 quibus
1366 995 1576 1071 Academiae
1604 996 1698 1073 salus
1719 1021 1823 1073 curae
1900 1012 1905 1019 ’

300 1124 463 1223 cordique
488 1120 557 1197 sit?
594 1123 671 1212 Quo
693 1118 810 1195 animo
828 1141 911 1217 erga
932 1116 1058 1192 almam
1080 1123 1226 1191 matrem
1243 1114 1368 1189 fnisset
1387 1137 1565 1190 nunacrns
1587 1140 1697 1215 qaum
1715 1117 1822 1219 probe

300 1243 528 1345 perspiceret,
563 1241 639 1317 eius
676 1240 781 1316 vidua
814 1259 1090 1314 vancxunanau
1127 1234 1374 1336 supellectilem
1414 1233 1598 1310 literarium
1635 1260 1707 1312 una
1741 1262 1823 1313 oum

302 1363 396 1439 mille
419 1370 455 1437 et
474 1361 682 1462 octingentis
701 1360 850 1435 virorum
872 1358 1053 1433 doctorum
1071 1357 1116 1433 ud
1129 1378 1370 1443 nnnrnommr,
1392 1376 1689 1444 wnssnnnrcrnrr,
1712 1380 1823 1431 vanc·

303 1507 524 1561 nnuannrunr
555 1491 590 1558 et
626 1502 874 1556 nnnnnnurunr
903 1478 1076 1579 epistolis,
1110 1476 1248 1578 egregie
1283 1474 1480 1574 dispositis,
1510 1473 1547 1549 in
1572 1474 1824 1551 Bibliothecem

303 1603 549 1682 Academicum
583 1600 758 1679 transferri
790 1599 901 1676 iussit.
962 1598 1213 1675 Pretiosissima
1238 1597 1323 1672 haec
1348 1595 1438 1670 dona
1464 1596 1555 1695 greti
1578 1620 1824 1673 commemorn-

304 1748 396 1799 mns.
446 1722 522 1797 Nos
553 1721 695 1821 quidem
729 1742 774 1794 ne
797 1725 934 1819 caperet
959 1740 1126 1816 umquam
1150 1715 1213 1789 viri
1233 1716 1357 1814 optimi
1381 1715 1508 1791 oblivio
1532 1716 1724 1815 periculum
1745 1718 1824 1792 nul·

305 1842 379 1917 lum
399 1849 490 1929 eret3
515 1840 577 1915 scd
594 1840 644 1915 ita
662 1845 805 1914 cautum
823 1820 897 1926 est,
920 1860 965 1910 ne
983 1836 1112 1936 posteri
1130 1834 1400 1923 coniunctionis,
1424 1860 1513 1933 quae
1531 1835 1825 1913 internarumque
1850 1841 1855 1857 '

306 1969 342 2037 et
365 1960 599 2037 Academiam·
615 1958 976 2059 LugdunoBatavem
999 1955 1171 2044 obtinuit,
1195 1955 1283 2030 fiant
1305 1955 1535 2031 immemores.

354 2201 385 2275 E
405 2198 661 2275 Professoribns
684 2198 773 2274 duos
798 2199 978 2298 lugemus,
1005 2217 1232 2271 nnnonoruu
1254 2217 1488 2271 cummanum
1509 2218 1700 2271 ronruunrr
1725 2218 1829 2272 rura·

307 2344 402 2397 noun
425 2326 461 2395 et
485 2342 720 2395 nnrnrnnnrnnr
745 2341 939 2394 nnuarcuu
964 2340 1012 2393 nn
1037 2312 1180 2392 vnlnsn.

356 2441 575 2515 Iurnnonnu
606 2440 713 2514 vitam
747 2462 904 2514 enomere
939 2446 974 2513 et
994 2460 1261 2514 commemorare
1286 2434 1330 2508 de
1353 2432 1462 2510 literis
1486 2434 1609 2509 merite
1634 2434 1832 2513 luctuosum

308 2560 449 2659 quidem
475 2560 536 2634 sed
564 2559 665 2634 dulce
685 2566 804 2634 tamen
830 2558 917 2633 mihi
940 2565 993 2633 est
1018 2557 1179 2632 officium.
1234 2554 1343 2629 Variis
1367 2554 1460 2628 enim
1484 2554 1684 2630 nominibus
1705 2557 1755 2634 ite
1778 2582 1835 2635 me

309 2678 376 2753 sibi
403 2679 623 2767 devinxerat,
657 2686 699 2755 ut
720 2704 801 2755 eum
828 2678 1003 2755 laudando
1026 2701 1095 2752 non
1120 2676 1190 2777 legi
1213 2681 1352 2750 tantum
1374 2674 1632 2775 obtemperem,
1656 2676 1719 2752 sed
1742 2677 1834 2778 grati

308 2799 415 2874 ctiam
437 2797 598 2896 discipuli
618 2803 654 2871 et
675 2799 779 2873 amici
802 2798 914 2873 officio
937 2798 1074 2898 fungar.

360 2916 476 2989 Natus
501 2924 554 2989 est
577 2914 620 2990 de
645 2918 694 2989 6l⁰
715 2940 761 2991 m.
786 2916 916 3016 Aprilis
940 2916 1024 2991 anni
1046 2913 1405 3002 montemorenci,
1431 2913 1495 2988 ubi
1513 2915 1634 3013 proavi
1656 2917 1732 2991 eius
1754 2940 1832 2992 mu·

310 3035 454 3112 neribus
482 3033 640 3110 civilibus
668 3034 792 3110 functi·
814 3043 921 3112 erant.
972 3036 1076 3112 Pater
1098 3034 1130 3112 ei
1154 3042 1228 3111 erat
1255 3056 1497 3110 snanrnnnos
1522 3056 1707 3112 renarrans
1732 3060 1836 3114 mru-

311 3178 426 3243 nonn,
461 3176 643 3228 causarum
682 3164 848 3253 patronus
883 3163 919 3231 et
953 3155 1114 3247 tabellio,
1149 3162 1263 3231 mater
1296 3174 1510 3229 cernamur
1543 3177 1711 3231 rossana
1746 3180 1837 3246 ens,

313 3299 419 3374 quam
439 3297 526 3373 puer
552 3273 787 3374 quinquennis
810 3283 921 3351 morte
947 3277 1075 3352 amisit.
1126 3275 1253 3350 Paucis
1276 3275 1376 3351 anuis
1399 3283 1481 3375 post
1500 3284 1598 3374 peter
1617 3274 1693 3350 eius
1717 3300 1837 3350 secun·

314 3395 377 3470 das
410 3393 550 3493 nuptias
586 3393 666 3468 iniit
692 3420 773 3470 cum
805 3403 962 3471 matrone
994 3395 1164 3496 Hagana,
1195 3417 1364 3469 mnarum
1388 3418 1503 3484 amn,
1527 3419 1617 3493 quae
1640 3419 1702 3495 per
1723 3401 1837 3472 totum

316 3515 405 3589 ritae
437 3537 520 3589 snae
549 3537 690 3588 cursum
713 3515 914 3614 privignum
937 3515 1123 3590 tenerrimo
1144 3539 1260 3591 amore
1285 3514 1463 3614 complexa
1485 3523 1539 3588 est
1563 3513 1664 3614 eique
1686 3540 1756 3590 non
1776 3540 1839 3591 no·

316 3659 414 3710 verca
445 3634 507 3710 sed
546 3635 666 3710 matris
703 3633 813 3710 instar
844 3634 922 3710 luit.
979 3635 1204 3710 Boterodemi
1228 3634 1350 3735 primis
1372 3634 1549 3709 literarum
1570 3634 1750 3710 elementis
1773 3635 1839 3712 im·

315 3756 424 3831 butus
457 3777 643 3832 rurnnonn
672 3779 752 3830 cum
778 3755 980 3856 parentibus
1003 3756 1076 3830 suis
1099 3755 1238 3856 Hagam
1267 3755 1447 3830 Comitum
1473 3779 1510 3829 se
1531 3756 1696 3844 contulit,
1720 3756 1840 3856 ibique

317 3876 352 3951 a⁰
385 3877 479 3949 1812
507 3874 689 3973 Gymnasii
713 3875 891 3975 discipulis
917 3877 1111 3977 adscriptus
1139 3885 1202 3952 est.
1252 3877 1494 3974 Praeceptores
1522 3874 1646 3950 habuit
1672 3876 1841 3976 imprimis

319 3994 408 4069 viros
438 3993 654 4070 doctissimos
681 4019 756 4070 nax
785 4003 820 4069 et
849 4019 1042 4072 narraras
1066 4019 1141 4071 vau
1164 4020 1213 4074 nn
1238 4019 1442 4084 conrnune,
1472 4018 1560 4094 quos
1582 3996 1713 4095 optime
1738 3997 1782 4072 de
1804 4022 1842 4074 se

320 4115 460 4190 meritos
492 4141 568 4192 esse
595 4116 702 4192 semel
726 4116 923 4216 iterumque
946 4116 1020 4217 ipse
1044 4118 1160 4217 palam
1187 4124 1336 4192 testatus
1356 4123 1423 4189 est.
1473 4116 1528 4188 Ex
1553 4115 1678 4190 horum
1702 4115 1841 4192 institu-

320 4235 416 4310 tione
446 4238 481 4309 α’
516 4219 633 4326 1821,
668 4237 788 4313 eodem
823 4263 893 4337 quo
923 4247 1022 4338 pater
1047 4237 1193 4325 occidit,
1226 4235 1363 4311 transiit
1386 4233 1432 4308 ud
1457 4234 1590 4310 scholas
1616 4234 1842 4313 Academicus

319 4355 529 4446 Leidenses,
561 4356 686 4432 Literis
723 4357 1001 4434 Humanioribus
1033 4365 1069 4432 et
1097 4354 1304 4455 'theologice
1336 4377 1476 4454 operam
1511 4353 1666 4432 daturus.
1716 4356 1842 4434 Eidem

321 4476 406 4553 Albi
427 4475 661 4553 studiosorum
685 4478 832 4577 paginae
849 4501 1033 4554 musanus
1052 4499 1248 4564 cnarussn,
1272 4473 1480 4550 Academiae
1500 4474 1646 4566 Rector,
1670 4477 1845 4579 inscripsit

318 4619 535 4674 rurunounrr
569 4605 606 4673 et
636 4620 790 4672 nnuurcr
812 4620 989 4674 nnnnmur
1014 4620 1193 4674 warnasn
1216 4595 1377 4685 nomina,
1403 4618 1491 4694 quos
1514 4595 1749 4674 adolescentes
1771 4599 1842 4675 iem

322 4715 419 4792 brevi
453 4725 532 4814 post
569 4717 767 4794 communio
801 4718 918 4794 madia
950 4727 1044 4794 arcto
1077 4717 1250 4794 amicitiae
1277 4715 1413 4792 vinculo
1440 4715 1639 4792 iunxerunt.
1689 4718 1844 4817 Uterque

321 4836 515 4937 theologice
549 4861 688 4936 operam
718 4837 867 4931 debant,
901 4838 951 4914 ita
972 4846 1088 4914 tamen
1116 4843 1156 4912 ut
1179 4837 1305 4912 Literis
1331 4835 1566 4912 Orientalibus
1588 4860 1693 4911 omne
1713 4835 1844 4915 tribue·
