4967 6175
639 668 684 742 ὅθ
1235 675 1274 741 Δ.
1316 672 1571 741 KUENEN

641 892 739 974 rant,
776 882 871 984 quod
905 882 950 957 ab
985 881 1079 959 hieos
1111 880 1237 957 studiis
1273 890 1470 981 supererat,
1504 882 1627 959 onum.
1678 881 1877 982 Utrumque
1908 880 2106 958 alliciebant
2129 891 2168 961 et

642 1024 774 1082 nanum
802 1003 974 1105 elegantia
1005 1010 1042 1079 et
1071 1022 1271 1079 almannus
1302 1024 1448 1079 acumen
1460 1036 1470 1091 ;
1504 1010 1653 1102 uterque
1685 1001 1766 1077 huic
1791 1002 1975 1103 praecipue
2000 1023 2075 1077 sess
2096 1012 2167 1081 trs·

640 1121 771 1201 debent
794 1123 1012 1201 erudiendos.
1061 1124 1165 1217 Quod
1190 1142 1343 1223 quonam
1366 1141 1529 1198 sucosam
1548 1122 1693 1197 fecerint
1711 1120 1789 1221 ipsa
1806 1120 1898 1199 facta
1915 1118 2165 1202 demonstrant.

491 1319 497 1339 ,
638 1246 694 1321 De
719 1242 1415 1345 waraas10,ouiprimasdelerraipee
1439 1242 1651 1331 commilito,
1675 1262 1746 1342 que
1769 1250 1844 1319 eret
1866 1244 2053 1335 modestia,
2078 1246 2165 1320 sole-

638 1364 720 1454 bat,
753 1384 847 1440 nuno
880 1386 950 1440 non
985 1386 1070 1464 agos
1103 1382 1344 1443 rorraoerrns
1374 1370 1507 1463 quanto
1536 1363 1671 1438 arderet
1695 1363 1873 1439 literarum
1895 1382 2029 1453 amore,
2054 1384 2182 1463 qums*

637 1494 781 1585 tamque
808 1486 847 1559 in
880 1483 923 1559 iis
957 1484 1110 1560 colandis
1147 1484 1328 1559 adhiberet
1362 1482 1574 1558 alacritatem
1604 1492 1642 1557 et
1664 1482 1976 1582 perseverantiam,
2000 1505 2081 1561 mox
2103 1508 2165 1585 ap·

637 1606 772 1706 puniit,
796 1626 908 1705 quum
930 1606 990 1679 82¹⁰
1004 1604 1074 1681 iem
1095 1606 1291 1681 studiorum
1310 1628 1403 1679 anno
1426 1603 1571 1679 secundi
1589 1604 1627 1678 in
1645 1598 1833 1681 ccrmmine
1855 1605 2005 1682 literaria
2019 1607 2166 1683 honores

637 1726 682 1803 ab
716 1725 906 1801 Academia
939 1724 1146 1801 Irovaniensi
1177 1724 1457 1799 concedebantur
1490 1724 1637 1823 scriptae
1663 1725 1708 1799 ab
1739 1750 1784 1800 eo
1811 1726 2096 1802 commentationi
2123 1730 2167 1803 de

637 1849 766 1933 mama,
801 1870 861 1919 cur
895 1866 1033 1945 repetam
1061 1846 1175 1919 Iudae
1201 1846 1329 1918 diebus
1344 1846 1552 1941 permitteret
1574 1866 1675 1943 quarn
1697 1864 1836 1945 capsam
1860 1846 2005 1931 [mach
2036 1864 2164 1946 quam,

635 1966 702 2041 etsi
731 1967 875 2039 fortasse
905 1964 1067 2062 prolixior
1094 1972 1167 2053 est,
1193 1963 1375 2063 egregium
1399 1960 1576 2038 doctrinae
1598 1972 1634 2038 et
1652 1962 1846 2038 industriae
1867 1964 2028 2039 iuvenilis
2055 1962 2165 2065 specl-

636 2108 717 2160 men
750 2083 862 2157 dicare
887 2083 1004 2158 nullus
1030 2082 1165 2158 dubito.
1215 2084 1372 2173 Quatuor
1391 2082 1492 2157 annis
1514 2088 1595 2181 pest
1618 2089 1668 2176 (α’
1693 2085 1802 2177 1828)
1827 2107 2072 2160 rurnnonnrns
2094 2085 2165 2184 pri·

635 2226 734 2281 mum
772 2224 925 2278 summos
955 2202 992 2276 in
1028 2202 1201 2301 theologia
1226 2202 1373 2276 honores
1395 2210 1604 2277 consecutae
1627 2209 1682 2277 est
1706 2202 1845 2302 publice
1871 2204 2013 2280 defensa
2035 2201 2164 2303 Dispsc·

635 2328 763 2399 tatione
795 2326 838 2397 de
873 2328 1016 2409 Ameeo;
1052 2322 1156 2411 dein,
1192 2322 1227 2397 S.
1255 2322 1307 2397 M.
1332 2322 1539 2397 candidatis
1561 2322 1777 2422 adscriptus,
1801 2323 1898 2399 brevi
1921 2334 2001 2424 post
2020 2348 2041 2400 a
2063 2331 2166 2400 enea
2241 2344 2245 2353 “

634 2444 913 2520 Reformatorum
949 2443 984 2517 in
1022 2464 1114 2542 pago
1147 2440 1329 2517 Voorhout
1359 2452 1500 2517 vocatus
1524 2450 1580 2517 cst
1603 2442 1712 2517 Verbi
1736 2444 1855 2519 Divini
1880 2445 2061 2533 Ministcr;
2087 2451 2164 2519 tan·

634 2564 714 2639 dem
732 2564 790 2638 die
814 2566 888 2639 161ο
902 2586 949 2639 m.
968 2563 1174 2638 Novembris
1194 2586 1325 2638 munus
1345 2560 1434 2637 iilud
1456 2564 1656 2663 auspicatus
1677 2576 1750 2653 est,
1775 2564 1871 2663 quod
1890 2585 1954 2665 per
1975 2563 2166 2638 triennium

633 2684 704 2759 lere
736 2684 859 2760 tenuit.
909 2683 1123 2759 Felicissimo
1151 2684 1222 2759 iam
1254 2683 1476 2760 matrimonio
1507 2685 1669 2773 iunctus,
1703 2685 1839 2760 civibus
1865 2690 2045 2784 acceptus,
2077 2681 2167 2757 nihil

631 2804 726 2904 quod
755 2812 931 2904 expeteret
960 2829 1061 2905 porro
1087 2828 1162 2879 esee
1187 2814 1372 2904 putasset,
1396 2803 1465 2880 uisi
1491 2803 1687 2904 gredsdmi
1709 2804 1864 2879 muneris
1889 2802 2163 2891 administratio,

629 2925 667 2999 in
697 2946 769 3024 qua
794 2924 942 2999 fideliter
966 2923 1191 3013 versabatur,
1216 2920 1451 3023 prohibuisset
1468 2923 1659 3021 quominus
1681 2926 1800 2999 studio
1823 2921 2021 2999 Literarum
2040 2918 2163 2997 Orien·

630 3044 776 3131 talium,
812 3064 960 3140 querum
996 3063 1111 3116 amore
1144 3042 1334 3140 flagrabat,
1367 3048 1483 3115 totum
1516 3064 1554 3114 ae
1589 3042 1751 3117 traderet.
1802 3043 1884 3116 Non
1917 3039 2048 3117 inritus
2081 3063 2165 3144 ergo

629 3160 880 3259 obtemperavit
910 3160 1018 3258 Regis
1048 3160 1206 3248 decreto,
1240 3180 1312 3258 qna
1335 3160 1372 3232 in
1398 3159 1580 3234 Athenaeo
1604 3160 1757 3237 Frisiacu
1779 3160 1975 3236 Litcrerum
2002 3161 2163 3237 Orienta-

631 3283 717 3357 lium
740 3281 910 3382 professor
933 3288 1069 3356 creatua
1096 3289 1159 3355 ast.
1209 3280 1278 3354 Dic
1305 3280 1386 3354 22⁶⁰
1414 3301 1460 3355 m.
1485 3279 1581 3353 Iunii
1600 3281 1684 3356 anni
1712 3283 1805 3355 1831
1828 3280 2019 3356 orationem
2039 3281 2164 3358 habuit

631 3407 673 3480 ste
695 3405 857 3478 hodierno
877 3405 984 3477 studii
1003 3405 1194 3503 linguarum
1222 3401 1451 3475 Orientalium
1470 3401 1660 3475 conditione
1676 3400 1916 3499 inauguralem
1926 3433 1936 3490 ;
1961 3408 2041 3501 post
2057 3402 2160 3478 ferias

631 3530 749 3597 autem
775 3521 922 3596 aestivas
947 3521 1102 3596 muneris
1125 3521 1180 3595 sui
1202 3519 1322 3596 officiis
1344 3519 1447 3619 fungi
1474 3519 1598 3619 coepit.

682 3643 736 3716 De
755 3641 1019 3741 &adaquemus
1039 3661 1254 3717 rcrnsonnrr
1273 3639 1422 3715 statione
1439 3659 1550 3739 pauca
1568 3643 1707 3714 tanturn
1717 3634 1993 3717 monendssunt.
2019 3640 2162 3718 Schclss

634 3759 757 3835 habuit
780 3761 825 3835 dc
848 3761 1074 3861 grammatica
1098 3761 1297 3862 linguarum
1317 3760 1577 3849 Semiticarum,
1602 3761 1648 3835 da
1669 3760 1910 3837 Hebraeorum
1931 3761 2161 3861 antiquitate,

632 3881 676 3955 de
712 3879 755 3956 V.
785 3882 948 3956 Foederis
982 3882 1283 3980 interpretatione,
1318 3881 1448 3981 quibus
1473 3889 1593 3980 postes
1619 3892 1837 3959 accesserunt
1861 3883 2023 3958 lectiones
2046 3883 2160 3981 isago-

630 4000 738 4100 gicas.
788 4001 976 4101 Discipulis
999 4003 1171 4078 interioris
1195 4001 1415 4077 admissionis
1442 4021 1513 4076 non
1538 4007 1677 4078 tantum
1703 4003 1813 4077 venas
1830 4002 1873 4078 V.
1897 4002 2059 4077 Foederis
2082 4014 2159 4101 par·

630 4131 683 4197 tes
715 4121 900 4222 explicuit,
924 4123 986 4196 sed
1014 4117 1193 4223 s'criptoras
1213 4122 1319 4197 etiam
1345 4122 1522 4198 Arabicus.
1575 4123 1708 4212 Semel,
1735 4128 1876 4198 vacante
1898 4122 2062 4197 cathedra
2083 4122 2159 4197 the-

632 4243 783 4342 ologica,
809 4243 942 4318 scholas
965 4244 1116 4342 suscepit
1141 4244 1185 4318 de
1212 4244 1404 4343 Euangelio
1425 4262 1618 4318 namnam
1642 4242 1846 4342 exegeticus.
1896 4231 1955 4316 Ad
1979 4242 2160 4317 Semislcas

629 4360 747 4457 literas
772 4370 962 4460 gentesque
986 4364 1160 4462 pertinent
1182 4365 1346 4463 pleraque
1371 4365 1517 4464 scripta,
1542 4385 1604 4464 pcr
1630 4363 1720 4438 hanc
1738 4361 1827 4437 vitae
1847 4361 2030 4462 periodum
2051 4361 2098 4436 ab
2117 4375 2159 4435 ee

635 4481 707 4556 eise
742 4481 857 4570 edita,
881 4482 953 4556 sive
979 4483 1162 4558 elaborata.
1213 4485 1289 4558 Nec
1313 4492 1430 4559 t‘aman
1454 4486 1546 4560 intra
1568 4484 1662 4558 hunc
1684 4500 1847 4583 campum
1870 4504 1945 4559 sese
1968 4479 2158 4570 continuit,

634 4602 729 4699 quod
749 4601 938 4676 ostendunt
963 4604 1140 4702 &ablue
1161 4603 1235 4677 cius
1258 4606 1456 4694 streame,
1480 4605 1517 4679 in
1539 4605 1668 4703 quibus
1690 4604 1798 4679 etism
1820 4604 1866 4678 de
1889 4603 2013 4703 reliqui
2033 4602 2160 4677 onim

633 4721 681 4795 tie
707 4721 936 4821 geographia,
963 4748 983 4799 a
1006 4725 1321 4824 peregrinatoribue
1345 4725 1534 4814 illustrata,
1561 4725 1690 4800 retulit.
1740 4727 1811 4799 iam
1837 4731 1921 4799 tunc
1945 4714 2054 4822 igitur
2077 4695 2160 4797 eutii

632 4842 828 4918 alliciebant
847 4843 962 4919 studia
980 4833 1226 4945 geographica,
1254 4845 1384 4944 quibus
1404 4845 1546 4944 posthac
1565 4851 1702 4922 matum
1723 4845 1849 4921 laboris
1867 4843 2049 4943 impendit.
2085 4833 2158 4916 Sed
