4967 6175
693 676 737 743 94
1242 674 1268 745 l.
1302 676 1342 746 A.
1376 678 1410 746 G.
1444 678 1665 747 ROVERS

688 880 801 973 enim,
834 886 878 960 ab
909 884 1045 959 erudito
1075 892 1171 984 patra
1199 883 1492 984 lurisprudentiae
1520 886 1754 974 destinatum,
1779 890 1914 957 mature
1935 881 2129 956 allexerunt
2155 882 2209 957 Ii·

688 1016 780 1081 taree
805 1012 841 1078 et
867 1028 922 1079 res
948 1012 1070 1103 gestae
1093 1006 1304 1104 populorum
1330 1007 1559 1081 recentiorum
1585 1004 1797 1103 eaedemque
1821 1009 1943 1100 sponte
1968 999 2145 1076 dormant
2167 1003 2210 1077 ad

688 1124 947 1223 disciplinarum
980 1123 1202 1223 politicarum
1232 1126 1267 1199 in
1302 1124 1494 1225 primisque
1524 1124 1744 1201 oeconomiae
1778 1121 1937 1220 politicae
1968 1121 2143 1210 studium,
2174 1122 2209 1196 in

691 1268 762 1343 quo
800 1244 830 1319 si
860 1245 939 1343 quis
970 1254 1045 1319 tota
1075 1254 1191 1321 mente
1224 1246 1389 1343 omnique
1422 1246 1630 1344 cogitatione
1659 1252 1713 1318 est
1737 1241 1892 1328 defixus,
1917 1239 2007 1314 nihil
2027 1240 2108 1314 loris
2129 1266 2151 1315 a
2173 1266 2210 1316 se

697 1364 847 1439 alienum
881 1372 1017 1453 censet,
1051 1364 1145 1462 quod
1175 1365 1280 1439 vitum
1304 1374 1498 1439 exterorum
1524 1374 1676 1463 spectat,
1701 1372 1741 1436 ut
1762 1386 1806 1437 ex
1827 1361 2097 1437 increscentibus
2120 1384 2210 1435 cem·

689 1485 834 1583 parandi
868 1484 1034 1560 subsidiis
1067 1508 1131 1558 sua
1164 1484 1287 1557 herum
1318 1507 1431 1558 rerum
1468 1484 1629 1559 scientiae
1653 1482 1800 1557 firmitas
1825 1491 1976 1581 peretur.
2035 1480 2211 1557 Honrrurr

691 1628 791 1691 vero,
827 1602 955 1679 mentis
988 1602 1123 1701 impetu
1154 1603 1272 1703 potius
1305 1626 1411 1701 quam
1441 1628 1483 1682 ex
1514 1611 1697 1703 parentum
1721 1601 1865 1677 consilio
1889 1626 1910 1676 a
1936 1601 2024 1674 vitae
2046 1599 2213 1698 practicae

689 1723 947 1822 praeparatione
980 1722 1027 1797 ed
1059 1721 1176 1797 studia
1208 1722 1419 1797 Aoedemioa
1450 1723 1671 1811 traductum,
1703 1720 1916 1796 incredibilis
1942 1714 2034 1819 cepit
2059 1728 2212 1794 veterum

687 1842 882 1917 Literarum
912 1851 948 1916 et
979 1840 1275 1940 lurisprudentiee
1306 1842 1486 1917 Romanae
1516 1868 1629 1931 amor,
1663 1842 1725 1940 qui
1757 1840 1837 1915 licet
1866 1840 2051 1914 altissimas
2077 1838 2214 1937 inipso

689 1960 799 2059 egerit
833 1960 987 2049 radicas,
1022 1984 1217 2058 numquam
1252 1970 1369 2035 tamen
1407 1961 1605 2060 impedivit,
1643 1960 1830 2059 quominus
1866 1959 1923 2035 hic
1955 1961 1992 2033 in
2027 1958 2214 2034 recentiore

688 2090 844 2177 tempora
878 2079 1023 2155 interius
1059 2103 1095 2153 se
1130 2079 1323 2155 insinuaret
1357 2091 1620 2179 excurreretque
1651 2079 1868 2177 frequentius
1902 2103 2009 2176 quam
2036 2078 2137 2152 illum
2170 2079 2213 2153 ad

688 2200 944 2298 Antiquitatem
970 2198 1113 2273 rediisse
1138 2200 1310 2274 novimus.
1360 2199 1517 2296 Uterque
1541 2200 1629 2275 miro
1649 2198 1781 2299 ingenii
1804 2198 1964 2273 acumine
1986 2204 2022 2271 et
2043 2197 2214 2295 exquisite

689 2318 838 2395 sollertia
868 2318 1045 2416 praeditus
1075 2318 1213 2418 verique
1248 2318 1438 2417 disciplinis
1471 2320 1544 2395 suis
1576 2319 1698 2393 tuendi
1729 2316 2006 2391 studiosissimus
2035 2316 2103 2390 sibi
2136 2316 2214 2414 qui·

689 2439 790 2527 dem,
823 2439 980 2513 omnium
1005 2438 1222 2537 egregiorum
1251 2437 1401 2513 virorum
1424 2439 1553 2527 instar,
1589 2463 1689 2514 suam
1716 2437 1839 2511 debuit
1860 2436 2120 2525 excellentiam,
2152 2460 2215 2509 ne·

687 2581 755 2655 qua
789 2567 905 2631 teman
935 2556 1023 2631 nihil
1052 2558 1158 2632 aetati
1191 2582 1276 2633 suae
1309 2567 1490 2658 acceptum
1521 2559 1652 2634 retulit.
1700 2557 1801 2633 Alter
1827 2557 1942 2647 eninr,
1974 2564 2154 2655 perspecta
2180 2556 2216 2629 in

688 2700 840 2751 unusurr
867 2683 904 2750 et
932 2698 1088 2750 anonam
1113 2676 1238 2752 scholis
1263 2678 1443 2755 Historiae
1467 2689 1504 2753 et
1528 2677 1822 2778 lurisprudantiac
1847 2675 2121 2764 necessitudine,
2144 2698 2217 2750 non

689 2804 829 2871 tantum
861 2820 897 2870 se
926 2796 1094 2871 convertit
1123 2797 1168 2871 ad
1197 2797 1399 2873 historicum
1420 2798 1508 2873 illud
1532 2799 1619 2873 luris
1643 2799 1792 2873 Romani
1818 2797 1996 2883 studium,
2020 2796 2116 2894 quod
2137 2802 2216 2870 tum

691 2917 727 2990 in
756 2915 944 2991 Germania
966 2922 1124 2990 exortum
1145 2924 1239 3005 erat,
1264 2918 1326 2991 sed
1347 2918 1452 2992 etiem
1475 2940 1642 2992 onersvo
1665 2940 1825 3003 nnoesr,
1850 2915 1983 2991 auctori
2005 2914 2099 2990 illius
2117 2938 2215 3014 pree·

692 3037 816 3134 cipue,
848 3034 924 3134 ipse
957 3034 1028 3110 iam
1062 3034 1150 3108 luris
1175 3034 1370 3124 Professor,
1394 3060 1432 3110 se
1454 3036 1492 3109 in
1517 3035 1735 3134 disciplinam
1763 3032 1925 3122 tredidit;
1951 3032 2045 3107 unde
2071 3044 2107 3109 et
2129 3033 2218 3110 alios

692 3151 845 3252 percepit
872 3149 1028 3250 egregios
1054 3149 1188 3224 frustm
1214 3160 1250 3224 et
1275 3153 1504 3228 constantiam
1531 3152 1632 3226 duxit
1655 3152 1907 3252 disquisitionis
1929 3151 2109 3226 historicae
2131 3177 2218 3228 cum

689 3271 877 3359 omuibus,
902 3270 938 3344 in
968 3293 1056 3368 ques
1077 3269 1203 3344 deinde
1229 3269 1410 3359 incubuit,
1434 3269 1609 3346 doctrinae
1629 3270 1788 3370 partibus
1807 3269 2087 3369 coniungendam
2112 3268 2218 3344 cuins

693 3390 744 3466 rai
770 3390 896 3464 illustri
923 3389 1131 3464 documento
1153 3397 1189 3462 at
1212 3388 1349 3464 scholae
1371 3389 1512 3480 luerunt
1534 3399 1570 3464 et
1593 3399 1677 3464 eunt
1697 3389 1897 3465 etiamnunc
1921 3389 2049 3488 scripta
2070 3388 2115 3461 de
2138 3387 2217 3464 iure

695 3508 907 3584 mercatorio.
932 3507 1032 3582 Alter
1044 3515 1181 3596 autem,
1202 3507 1341 3605 cognite
1353 3507 1476 3582 aetatis
1489 3532 1571 3582 snae
1582 3508 1629 3582 ad
1640 3507 1804 3582 maiorem
1816 3507 2009 3583 libertatem
2026 3505 2216 3604 aequalita-

693 3639 833 3723 temque
852 3625 1093 3714 inclinatione,
1114 3650 1155 3701 eo
1180 3626 1290 3723 pluris
1311 3625 1451 3702 delicias
1472 3651 1552 3703 sues
1571 3626 1674 3715 lacit,
1698 3652 1769 3726 quo
1785 3627 1914 3702 certius
1929 3627 1997 3724 ipsi
2015 3625 2215 3714 meetabet,

694 3744 815 3822 harum
839 3751 920 3818 v'oce
939 3744 1081 3819 tandem
1105 3769 1300 3843 repressum
1316 3746 1361 3820 iri
1373 3746 1566 3844 superbiam
1579 3747 1837 3846 imperitorum,
1857 3771 1963 3845 quos,
1982 3746 2068 3845 quid
2080 3753 2216 3821 moute

695 3888 809 3940 rerum
825 3864 980 3939 condicio
995 3873 1132 3964 poscat,
1153 3865 1259 3942 latere
1271 3865 1367 3941 solet.
1394 3865 1490 3940 Hinc
1504 3866 1555 3939 illi
1567 3889 1658 3940 enno
1674 3865 1778 3939 huius
1797 3865 1903 3940 seculi
1915 3865 2086 3940 tricesimo
2101 3862 2215 3962 primo

695 4008 737 4058 ex
752 3983 940 4059 Academia
956 3983 1163 4060 Inveniensi
1177 3992 1213 4060 et
1226 3983 1411 4059 leodiensi
1431 3985 1499 4058 huc
1522 3986 1679 4060 ennensi
1699 4011 1762 4084 per
1783 3985 1907 4084 viginti
1928 3985 2082 4083 quinque
2105 4008 2215 4059 annos

696 4103 813 4176 eximii
842 4103 984 4176 luerunt
1014 4103 1154 4202 optimis
1181 4103 1286 4177 huius
1313 4103 1521 4178 Academiae
1548 4103 1681 4179 civibus
1705 4113 1959 4203 praeceptores,
1983 4129 2048 4178 suo
2070 4103 2215 4202 quidem

696 4220 844 4318 quisque
880 4223 1013 4310 modo,
1039 4222 1096 4298 ille
1134 4222 1296 4298 adstricta
1327 4231 1362 4297 et
1394 4223 1620 4313 sententiosa,
1654 4223 1709 4300 hio
1740 4225 1918 4322 eliquanto
1946 4223 2148 4300 concinnius
2178 4230 2215 4297 et

698 4336 879 4424 disertius,
903 4338 1007 4414 ambo
1031 4348 1149 4414 autern
1173 4340 1371 4437 perspicue,
1394 4351 1496 4416 acute
1522 4366 1631 4440 eaque
1654 4343 1836 4417 verborum
1859 4343 2098 4441 simplicitate,
2124 4365 2215 4440 quac

699 4463 753 4528 est
777 4454 1007 4552 persuasionis
1029 4455 1201 4559 effectrirr,
1226 4457 1375 4555 plurime
1396 4459 1590 4549 tradentes,
1616 4460 1745 4559 quibus
1767 4462 1919 4562 ipsorum
1943 4462 2093 4536 maxime
2110 4461 2216 4561 opert

698 4573 812 4673 Belgii
843 4573 1011 4648 auditoria
1047 4551 1181 4648 dudum
1213 4585 1478 4675 personuerunt,
1510 4604 1623 4678 neque
1657 4592 1772 4656 tamen
1803 4580 1958 4656 docendo
1978 4580 2023 4656 id
2051 4589 2214 4681 agentes,

699 4702 738 4768 ut
772 4691 929 4772 scholam·
954 4691 1159 4792 conderent,
1195 4693 1255 4768 sed
1284 4703 1324 4767 ut
1356 4695 1401 4770 ad
1423 4695 1548 4775 virium
1568 4697 1794 4777 intentionem
1820 4701 2087 4801 inquirendique
2111 4698 2215 4774 liber·

697 4819 802 4886 tatem
834 4820 976 4888 atvero
1010 4813 1053 4888 ad
1085 4815 1318 4913 adroopyr'oev
1349 4839 1634 4917 unumquemque
1667 4822 1825 4920 exemplo
1855 4821 2066 4918 monitisque
2091 4818 2214 4893 incite-
