4967 6175
881 616 1224 739 orituros
1735 675 1778 740 89

259 880 379 970 cultu,
415 880 594 952 honestate
630 880 665 949 et
696 874 825 973 pietate
858 876 894 951 in
926 901 1037 953 uuum
1063 876 1335 952 coalescentibus
1368 875 1472 952 vitam
1510 878 1653 953 demum
1683 879 1776 955 efflo-

259 1024 392 1076 rescere
426 1005 569 1072 naturae
602 994 774 1070 humanae
804 994 966 1093 dignitati
997 1020 1206 1095 congruam,
1240 1006 1343 1071 erunt
1374 1000 1434 1071 lua
1462 1001 1779 1101 mutationemque

259 1120 456 1216 emona,
490 1114 526 1189 in
552 1138 658 1213 quam
682 1112 798 1213 plnres
822 1112 984 1212 deinceps
1009 1114 1186 1189 intuentes
1209 1115 1353 1190 recreari
1376 1140 1413 1189 se
1440 1124 1476 1190 et
1499 1117 1587 1216 erigi
1615 1118 1775 1195 sentient.

259 1237 315 1312 Sic
348 1234 469 1310 civius
502 1232 693 1331 corrigetur
723 1231 768 1307 ab
799 1232 1039 1308 illustrissimis
1066 1232 1217 1331 optimae
1244 1234 1430 1331 magistrae
1457 1234 1653 1334 discipulis,
1677 1239 1777 1313 cuius

259 1379 410 1429 severam
442 1353 539 1428 illam
573 1376 690 1427 vocem
721 1363 930 1452 exceperunt
958 1362 995 1428 et
1023 1352 1232 1454 probarunt,
1266 1352 1442 1431 homiuem
1467 1354 1649 1431 diiudicari
1670 1381 1713 1431 ex
1734 1358 1777 1432 iis

258 1484 435 1574 oportere,
459 1495 550 1571 quae
575 1496 639 1546 aua
662 1471 772 1571 ipsius
797 1482 889 1548 sunt.

308 1595 412 1668 Hanc
444 1601 559 1667 tcmm
588 1615 745 1667 normam
774 1592 804 1667 si
834 1592 896 1691 qui
928 1617 1047 1668 eorum
1073 1600 1233 1667 verentur
1252 1601 1394 1693 propter
1415 1594 1641 1683 modestiam,
1666 1597 1777 1670 excel·

259 1712 527 1787 lentissimarum
560 1710 704 1785 mudum
737 1712 921 1801 comitem,
956 1712 1040 1787 haec
1070 1713 1144 1811 ipsa
1178 1714 1383 1789 verecundia
1405 1714 1557 1812 proderit
1578 1714 1625 1788 ad
1648 1714 1776 1790 civium

258 1834 295 1907 in
326 1833 420 1932 ipsos
444 1830 697 1906 observantiam
720 1831 927 1931 augendam.
977 1832 1025 1905 Et
1046 1832 1341 1931 quemadmodum
1364 1833 1428 1921 iis,
1456 1859 1571 1933 oquae
1595 1858 1663 1908 oon
1689 1834 1778 1911 lece·

257 1961 339 2027 runt
361 1950 465 2050 ipsi’',
490 1949 616 2025 virtute
636 1975 699 2024 sua
725 1958 927 2025 ornamento
948 1958 984 2023 ct
1005 1950 1120 2023 decori
1143 1974 1218 2024 esse
1239 1952 1407 2049 cupiunt,
1431 1953 1482 2027 ita
1508 1977 1645 2028 summa
1668 1955 1778 2031 anim·

257 2072 436 2147 advertent
461 2095 543 2145 cum
571 2068 767 2169 voluptate,
788 2094 825 2144 se
846 2092 913 2143 non
936 2077 1073 2144 tantum
1098 2068 1179 2143 lcrri
1203 2069 1391 2144 sedetiam
1419 2069 1553 2146 laudari
1578 2072 1777 2147 honestissi-

258 2214 353 2265 mum
382 2213 487 2263 suum
512 2212 624 2287 genus
647 2196 683 2263 et
706 2211 849 2287 proavos
873 2211 935 2276 eo,
961 2212 1031 2286 quo
1055 2186 1173 2275 dccet,
1198 2188 1338 2286 pietatis
1366 2214 1470 2265 sensu
1494 2200 1752 2290 prosequentes.

260 2328 264 2333 ·
304 2309 451 2383 Utinam
483 2306 666 2407 permultis
696 2332 740 2381 er
770 2307 834 2381 hoc
865 2330 991 2406 genere
1022 2305 1222 2381 hominibus
1244 2317 1339 2383 aetas
1364 2320 1482 2383 nostra
1505 2311 1567 2385 fiat
1590 2312 1778 2410 sapientiae

256 2428 440 2529 magistra!
491 2426 565 2501 Gur
600 2426 695 2501 euim
729 2428 832 2527 culpa
865 2426 932 2526 ipsi
963 2451 1026 2502 sua
1057 2426 1093 2501 in
1124 2428 1224 2527 peius
1250 2440 1406 2517 ruerent,
1441 2454 1551 2528 quum
1572 2430 1660 2506 salvi
1684 2457 1777 2521 csse,

256 2550 340 2648 quin
364 2572 481 2624 revera
501 2546 631 2645 primas
658 2571 780 2646 agero,
804 2545 963 2646 possth
1001 2548 1160 2622 Aureum
1189 2547 1345 2623 seculum
1371 2549 1414 2623 iis
1437 2574 1578 2649 quoque
1600 2575 1670 2625 non
1701 2565 1777 2628 tum

256 2668 343 2755 fuit,
379 2691 490 2767 quum
517 2689 616 2765 reges
642 2665 711 2739 Dei
734 2666 772 2739 in
798 2664 852 2740 his
877 2665 976 2741 terris
1002 2666 1116 2741 vicarii
1140 2666 1429 2754 nominabantur,
1463 2667 1526 2741 sed
1552 2676 1629 2743 tum
1657 2671 1775 2746 illuce-

257 2799 347 2879 scet,
381 2812 493 2888 quum
526 2785 583 2874 hi,
608 2784 737 2861 omisso
765 2784 922 2874 nomine,
949 2785 1063 2861 vicarii
1092 2794 1204 2861 erunt.
1255 2784 1399 2860 Utinam
1427 2784 1510 2859 haec
1530 2794 1665 2885 praeter
1693 2813 1774 2878 eos,

255 2908 319 3007 qui
350 2907 549 3006 Optimetes
580 2903 749 2993 audiunt,
784 2928 905 2980 omnes
941 2904 1136 3005 intelligant
1172 2905 1302 2981 summi
1333 2906 1570 3004 imperantes,
1602 2906 1776 2983 intellecta

253 3034 372 3101 autam
415 3023 531 3100 liberis
566 3023 638 3099 suis
674 3023 905 3124 persuadeant
937 3025 1163 3124 omniumque
1204 3024 1356 3101 manime
1394 3024 1457 3114 iis,
1494 3048 1583 3123 quos
1616 3050 1776 3104 ausosrr

255 3145 414 3244 aequales
441 3153 607 3220 vocarunt
623 3147 799 3242 princpes
822 3139 1027 3219 taumatia!

304 3502 469 3577 Oratione
494 3501 738 3600 pronunciata,
763 3500 888 3576 accedo
913 3500 959 3576 ad
983 3499 1136 3574 muneris
1161 3500 1229 3574 mei
1251 3511 1383 3600 partem
1407 3505 1485 3606 lege
1510 3505 1772 3605 praescriptam,

257 3648 343 3722 quae
366 3647 482 3697 rerum
507 3623 794 3698 Academicorum
819 3619 1033 3696 enarratione
1057 3627 1204 3695 constat.

304 3740 508 3816 Studiorum
541 3740 710 3839 praesidia
746 3765 814 3816 non
848 3747 985 3816 tantum
1017 3738 1152 3837 integra
1185 3749 1382 3829 servantur,
1420 3744 1666 3820 verumetiam
1691 3769 1773 3842 pru·

258 3861 377 3936 denter
410 3869 584 3960 augentur
616 3869 652 3935 et
685 3861 949 3960 amplificantur.
1001 3857 1095 3935 Illud
1129 3862 1264 3958 integro
1293 3866 1426 3936 savari
1449 3863 1610 3937 nonnulli
1631 3861 1775 3938 barbare

258 3979 431 4080 explicant
464 3983 598 4054 amari
632 3983 669 4053 in
703 3987 797 4054 atala
834 4005 909 4080 quo.
970 3977 1069 4052 Nihil
1102 3977 1279 4076 impedio,
1316 3979 1507 4056 dummodo
1548 3982 1634 4056 mihi
1672 3982 1773 4057 liceat

257 4098 383 4173 illustri
413 4098 570 4198 exemplo
601 4098 802 4185 ostendere,
827 4097 931 4172 huius
955 4097 1046 4172 vocis
1070 4105 1242 4194 quantum
1266 4096 1403 4172 differre
1425 4101 1535 4198 possit
1556 4101 1772 4200 significatio.

258 4218 299 4292 In
331 4217 554 4292 laboratorio
586 4215 750 4292 Chemico
780 4242 822 4291 ea
848 4217 1037 4316 significat:
1071 4224 1197 4290 cuncta
1218 4215 1349 4314 optime
1371 4241 1409 4292 se
1432 4218 1581 4306 habent,
1614 4219 1772 4318 illudque

258 4339 369 4412 locum
405 4362 509 4411 auum
543 4337 580 4410 in
616 4337 918 4436 praestantissimis
948 4334 1191 4410 Chemicorum
1220 4335 1365 4410 officinis
1391 4335 1497 4436 digne
1525 4339 1616 4413 tueri
1639 4340 1773 4439 pergit;

258 4459 292 4533 in
326 4457 535 4533 Nosocomio
564 4456 773 4531 Academico
804 4480 925 4530 sensus
963 4454 1020 4528 hio
1054 4462 1128 4528 cst:
1163 4454 1246 4528 inde
1278 4480 1300 4529 a
1332 4455 1454 4554 viginti
1489 4457 1645 4556 quinque
1672 4460 1774 4533 anuis

259 4577 343 4652 nihil
377 4601 529 4676 usquam
560 4583 673 4650 exstat
703 4575 865 4651 deterius.
902 4615 950 4630 -·
986 4575 1212 4672 Quemquam
1245 4575 1383 4674 specula
1417 4600 1481 4650 nos
1514 4577 1665 4652 oblectat
1693 4581 1773 4652 novi

259 4697 424 4785 aedificii,
461 4720 552 4796 quae
586 4694 782 4770 Medicinae
816 4693 1071 4768 Professoribus
1109 4718 1150 4767 eo
1188 4719 1270 4768 sane
1296 4695 1426 4793 gratior
1454 4707 1525 4784 est,
1557 4720 1628 4794 quo
1653 4697 1773 4772 maiori

262 4816 514 4916 aegrotantium
544 4838 689 4890 numero
719 4815 787 4915 ipsi
816 4839 929 4892 coram
956 4812 1137 4912 discipulis
1160 4813 1323 4913 opitulari
1345 4813 1513 4913 cupiunt,
1539 4837 1676 4911 quoquc
1705 4815 1772 4890 lae·
1824 4873 1829 4882 .

1561 4935 1605 5005 m
