4967 6175
914 660 1193 731 ORATIO.
1770 663 1813 731 95

291 877 381 948 rent.
431 866 539 946 Quod
572 866 616 942 iis
647 864 778 965 optime
805 868 968 958 mssisse,
1004 876 1108 945 testes
1139 876 1222 944 sunt
1252 867 1459 945 nostratium
1486 876 1573 946 tum.
1587 868 1625 943 in
1650 866 1811 943 historiae

291 990 377 1064 iuris
413 985 531 1063 studio
563 992 640 1061 tum
668 985 706 1060 in
732 987 967 1085 prosperitatis
993 987 1152 1086 publiene
1178 988 1335 1064 doctrina
1358 1013 1571 1088 progressus.
1620 987 1699 1063 Hos
1723 986 1812 1063 viros

291 1105 597 1207 praestantissimis
629 1105 820 1206 placuisse,
853 1105 982 1204 quibus
1007 1107 1117 1181 exteri
1139 1107 1351 1206 gloriantru,
1383 1107 1518 1183 nivibus
1542 1107 1685 1184 minime
1708 1106 1810 1183 mira·

291 1252 390 1317 mur,
424 1250 595 1301 memores
626 1234 662 1301 et
697 1234 888 1301 oeterarum
919 1226 1100 1325 utriusque
1135 1225 1302 1301 virtutum
1329 1234 1366 1301 et
1396 1226 1604 1301 limatisdmi
1629 1227 1749 1303 iudicii
1775 1236 1812 1302 ιι

292 1371 371 1423 vero
400 1344 575 1421 facilitatis
603 1344 717 1434 illius,
743 1369 813 1444 qua
833 1369 915 1421 eum
935 1344 1021 1445 ipsis
1043 1369 1106 1421 sua
1126 1345 1297 1443 cuiusque
1316 1344 1437 1446 lingua
1456 1346 1622 1421 disserere
1642 1346 1810 1423 solebant.

290 1467 385 1542 Nam
412 1464 581 1564 Angliee,
614 1464 837 1553 Gemanica,
870 1464 1033 1541 mariae
1061 1473 1097 1542 et
1123 1465 1245 1541 Italico
1265 1465 1517 1565 loquebantur,
1541 1472 1583 1541 ut
1603 1466 1808 1541 nostratium

292 1584 472 1686 perpauci,
505 1606 664 1681 uonnrns
695 1583 800 1659 etiam
831 1584 984 1675 Dauioe,
1018 1586 1141 1661 Latine
1165 1594 1284 1662 autem
1308 1586 1375 1675 sio,
1400 1594 1441 1663 ut
1462 1585 1578 1687 ipsum
1601 1608 1721 1661 aaron
1743 1584 1811 1661 sibi

292 1704 412 1782 audire
437 1703 634 1779 riderentur
660 1702 831 1803 discipuli
881 1707 1106 1805 Quamquam
1131 1707 1168 1782 in
1197 1729 1478 1783 sonnsnrouro
1503 1706 1591 1794 luit,
1615 1704 1711 1805 quod
1726 1706 1808 1803 pla·

291 1827 378 1897 uam
408 1828 603 1897 exterorum
633 1821 701 1921 ipsi
722 1846 828 1920 quam
854 1846 992 1900 nourro
1017 1824 1177 1901 notitiam
1197 1833 1234 1902 et
1258 1826 1525 1902 familiaritatem
1548 1834 1693 1925 pararet.
1732 1825 1809 1901 Sta·

291 1942 413 2017 tuebat
444 1942 538 2018 enim
569 1940 647 2029 ille,
680 1951 797 2019 nostra
827 1952 940 2019 aetate
967 1944 1056 2019 viros
1082 1944 1201 2021 doetus
1226 1946 1273 2021 ab
1297 1945 1362 2037 iis,
1386 1944 1449 2045 qui
1471 1945 1509 2019 in
1535 1944 1641 2019 rebus
1666 1944 1810 2043 agendis

291 2068 489 2149 versentur,
522 2058 654 2135 minore
686 2084 793 2160 quam
825 2070 929 2139 antea
959 2062 1137 2139 intervallo
1169 2065 1339 2163 separari,
1363 2064 1548 2139 etidcirco
1571 2062 1810 2139 lubentissime

290 2181 559 2281 saepissimeque
595 2180 725 2279 patrios
759 2189 795 2256 et
828 2190 963 2257 exteros
993 2182 1114 2260 adibat
1147 2183 1416 2259 cultissimornm
1458 2183 1640 2281 utriusque
1675 2182 1810 2280 generis
1975 2230 1989 2246 ·

290 2300 469 2377 hominum
492 2308 694 2377 conventus.
743 2300 814 2376 Sed
839 2301 982 2377 fuerunt
1005 2301 1067 2401 qui
1089 2302 1315 2393 mirarentur,
1340 2312 1548 2401 utrumque,
1571 2300 1807 2377 eeleberrimo·

291 2445 367 2495 rum
402 2420 497 2519 apud
532 2426 669 2495 exteros
702 2420 852 2495 virorum
883 2421 994 2520 matis
1026 2421 1226 2511 florentem,
1260 2432 1483 2498 oonseeutum
1518 2421 1660 2521 quidem
1684 2419 1730 2496 ab
1755 2418 1810 2493 his

295 2564 369 2615 esse
394 2538 598 2614 eruditionis
622 2547 658 2614 et
682 2538 850 2615 sollertiae
872 2540 993 2617 laudes
1016 2540 1210 2619 honorificis
1233 2542 1347 2617 verbis
1366 2541 1591 2642 perscriptas,
1615 2539 1712 2615 nulla
1732 2562 1811 2613 vero

288 2658 457 2757 accepisse
492 2656 631 2733 bonoria
664 2658 825 2759 insignia.
875 2658 944 2735 His
974 2660 1059 2735 alios
1088 2661 1297 2761 respondere
1319 2661 1483 2751 memini,
1515 2659 1673 2736 neutrius
1696 2682 1808 2733 mores

289 2776 409 2853 tulisse
438 2783 501 2865 ut,
524 2804 546 2853 a
568 2800 638 2875 qua
661 2802 700 2852 re
720 2777 816 2853 domi
841 2778 1042 2855 alienissimi
1065 2789 1201 2870 essent,
1225 2781 1263 2856 in
1284 2780 1407 2855 itinere
1429 2778 1631 2855 eandidatos
1654 2786 1806 2877 agerent.

290 2898 397 2977 Quod
427 2904 544 2973 eutem
571 2898 730 2997 marius,
765 2922 808 2973 ex
838 2897 894 2973 his
926 2898 1082 2975 disoendi
1113 2899 1431 3001 opportunitatibus
1456 2897 1502 2973 ab
1525 2918 1807 2973 sonansnrcnro

288 3016 388 3094 avide
408 3016 610 3117 anquisitis,
635 3016 764 3119 pariter
781 3027 888 3118 etque
911 3041 953 3094 ex
973 3018 1069 3096 omni
1088 3018 1164 3098 eius
1187 3019 1382 3096 studiorum
1402 3017 1534 3095 ratione
1553 3025 1591 3093 et
1611 3014 1806 3116 proposito,

288 3137 342 3214 bie
378 3136 504 3213 vindan
540 3137 668 3237 prodiit
695 3137 812 3238 placiti
834 3139 880 3214 de
901 3139 1157 3218 necessitudine
1181 3141 1274 3223 inter
1293 3138 1584 3240 iuriaprudentiae
1605 3145 1642 3212 et
1664 3160 1808 3212 oeeono·

287 3256 376 3332 miae
397 3255 557 3356 politione
586 3255 824 3357 disciplinam
849 3258 944 3358 quod
964 3257 1131 3360 planitum
1155 3258 1186 3335 si
1207 3284 1250 3335 ao
1272 3260 1441 3359 pertinet,
1457 3267 1508 3334 ,ιιι
1526 3259 1564 3332 in
1585 3255 1808 3332 diiudimndo

287 3377 361 3454 iure
385 3376 529 3454 minoris
554 3377 617 3456 liat
641 3386 766 3454 natura
790 3402 906 3454 rerum
927 3378 1005 3480 ipso
1028 3379 1104 3456 iure
1124 3379 1391 3456 eonditutnrum
1415 3402 1521 3478 quam
1545 3383 1805 3476 praereptorum

287 3496 583 3572 oeconomieorum
607 3497 815 3587 arcenus,
838 3499 934 3574 baud
956 3498 1027 3574 seio
1054 3523 1099 3574 an
1121 3521 1301 3588 nonanus,
1323 3505 1460 3573 nostras
1483 3495 1543 3572 illa
1564 3515 1803 3583 rannemuns,

286 3616 346 3714 qui
378 3616 416 3692 iu
450 3615 601 3716 egregiis
635 3616 820 3694 iuvenibus
851 3617 1034 3694 laudandis
1066 3642 1200 3718 semper
1233 3617 1388 3718 ipsorum
1415 3615 1605 3692 modestiae
1631 3614 1804 3715 pepercit,

284 3735 425 3812 iuvenili
451 3735 653 3837 disciplinae
680 3737 772 3813 buue
797 3737 1027 3838 prineipatum
1056 3738 1257 3816 dubitanter
1281 3735 1472 3812 admodum
1495 3734 1693 3810 tributurus
1718 3732 1803 3808 luis·

286 3866 346 3931 set.
398 3855 585 3957 Quidquid
608 3865 682 3947 est,
706 3867 1029 3960 quantumcumque
1053 3857 1201 3934 alterum
1228 3856 1408 3956 Collegam
1428 3855 1475 3932 ab
1497 3853 1606 3932 altero
1627 3853 1803 3929 distulisse

286 3975 463 4066 novimus,
495 3975 599 4052 ambo
622 3975 659 4052 in
683 3994 747 4052 sua
774 3975 921 4076 quisque
945 3978 1127 4079 diseiplina
1148 3977 1320 4078 principes
1346 3975 1428 4052 huie
1447 3975 1656 4052 Academiae
1675 3973 1801 4049 eximio

285 4093 398 4170 decori
427 4105 465 4171 et
488 4103 692 4172 ornamento
716 4094 879 4186 luerunt,
909 4097 1039 4197 quibus
1061 4095 1169 4195 igitur
1191 4102 1371 4196 parentare
1394 4102 1437 4170 ut
1461 4093 1548 4170 mibi
1570 4092 1796 4168 honorificum

284 4212 390 4302 duxi,
423 4214 474 4290 ita
494 4214 631 4290 silentio
655 4213 751 4290 baud
773 4239 947 4314 premam,
977 4215 1166 4302 amicitiae,
1189 4237 1261 4311 qua
1285 4234 1441 4289 nonmns
1463 4235 1540 4301 me,
1565 4232 1716 4286 urosnu
1743 4211 1799 4286 aui

284 4331 440 4420 affinem,
465 4345 667 4431 prosecutus
690 4341 763 4423 est,
787 4333 922 4408 nullum
947 4333 1039 4408 diem
1063 4333 1259 4408 deleturum
1283 4355 1359 4406 esse
1382 4331 1593 4406 memoriam.

335 4450 457 4527 Quum
491 4450 625 4552 aliquot
654 4452 833 4528 mensibus
862 4451 988 4528 abhinc
1015 4477 1058 4528 er
1078 4452 1143 4528 hoo
1163 4453 1240 4552 ipso
1264 4452 1338 4527 loeo
1362 4472 1576 4528 susanam
1598 4448 1662 4524 filii
1683 4448 1797 4524 adole·

285 4569 451 4644 suentium
471 4571 682 4648 Aeademiae
706 4582 843 4648 nostrae
866 4571 1015 4647 alumnis
1035 4571 1072 4646 in
1095 4571 1293 4672 exemplum
1316 4571 1480 4672 proposui
1503 4573 1553 4663 ¹),
1577 4591 1796 4668 nequaquam

325 4826 349 4900 ¹)
381 4827 468 4888 Dicta
488 4829 518 4889 ιἰι
540 4831 692 4894 Asditora'o
711 4833 814 4894 edors
832 4833 861 4894 d.
881 4848 948 4894 xrrr
970 4832 1046 4894 larii
1065 4847 1254 4896 ororoooour.
1377 4812 1379 4815 ⁵
