4967 6175
775 667 992 736 llllllGlA
1025 667 1290 741 ounlrrurr.
1735 673 1801 744 115

272 899 343 953 una
379 874 506 951 Ordini
538 874 715 974 responsio
751 872 869 951 oblata
901 883 976 967 est,
1010 878 1122 978 patrio
1156 903 1314 957 sermone
1342 881 1556 981 conscripta,
1586 879 1652 956 hoc
1681 885 1801 958 nomm

271 995 445 1097 symbolo:
474 995 544 1070 rIrr
566 997 697 1094 savari
720 995 863 1070 measse
884 1005 943 1072 sot
966 999 1053 1074 eet.''
1102 1000 1205 1079 Quae
1232 999 1442 1102 disputatio,
1476 1001 1557 1078 licet
1582 1000 1798 1102 probabilem

270 1123 418 1193 testetur
448 1114 624 1215 scriptoris
656 1113 864 1190 industriam
896 1115 932 1190 in
963 1119 1220 1216 perscrutandis
1251 1121 1402 1197 virorum
1441 1121 1621 1198 doctomm
1654 1118 1698 1197 de
1720 1144 1798 1220 pro·

270 1235 383 1338 posita
414 1235 616 1336 quaestione
651 1234 850 1325 sententiis,
884 1259 954 1312 non
986 1244 1104 1313 umen
1135 1238 1184 1315 ita
1222 1239 1418 1338 muscripta
1456 1247 1532 1330 est,
1570 1247 1612 1315 ut
1644 1239 1798 1340 praemio

269 1357 385 1433 ornari
412 1356 531 1456 possit.
581 1354 748 1456 Inprimis
770 1354 895 1432 Ordini
922 1355 1099 1458 displicuit
1122 1358 1228 1448 ratio,
1260 1383 1332 1459 qus
1357 1359 1502 1460 scriptor
1529 1383 1614 1435 usus
1638 1367 1693 1436 est
1713 1361 1797 1437 loeis

269 1477 355 1552 iuris
384 1475 553 1564 Romani,
586 1492 737 1574 quornm
765 1475 916 1568 multos,
940 1477 1003 1577 qui
1025 1478 1071 1556 ad
1092 1475 1305 1578 quaestionis
1327 1486 1576 1580 argumentum
1601 1479 1795 1579 pertinent,

269 1604 332 1674 aut
360 1595 478 1672 leviter
504 1594 609 1670 nimis
634 1597 807 1672 recensuit
833 1605 896 1674 sut
917 1597 1058 1698 penitus
1081 1597 1245 1699 neglexit.
1296 1599 1399 1679 Quae
1430 1599 1644 1702 negligentia
1666 1624 1707 1676 eo
1729 1599 1794 1675 mi·
1884 1651 1888 1658 -

268 1741 337 1792 nus
363 1714 429 1790 luit
458 1713 673 1804 excusanda,
699 1739 770 1814 quo
792 1716 910 1816 plures
933 1718 1140 1794 exstiterunt
1164 1719 1368 1820 scriptores,
1393 1719 1456 1820 qui
1479 1719 1595 1798 locum
1620 1719 1665 1795 de
1689 1744 1796 1796 causa

267 1823 307 1911 in
342 1833 629 1911 conventionibus
664 1842 726 1910 eut
764 1833 958 1937 tetigerunt
995 1817 1058 1913 aut
1093 1837 1288 1914 accuratius
1324 1845 1539 1929 tractamnt,
1579 1840 1670 1915 inter
1706 1861 1796 1938 quos

269 1979 490 2046 armemur,
520 1979 847 2046 wrunsonnrnrurr,
880 1979 1114 2048 amnuerunt,
1139 1964 1326 2048 naaman,
1352 1979 1658 2033 seumsrucrnnrr
1682 1955 1793 2032 nomi·

267 2100 368 2152 name
395 2075 540 2166 sufficit,
574 2099 720 2176 quorum
747 2075 784 2152 in
812 2074 948 2176 scriptis
970 2076 1146 2178 praecipui
1167 2076 1233 2154 loci
1256 2077 1293 2153 in
1314 2075 1472 2154 ordinem
1496 2082 1580 2152 sunt
1604 2074 1735 2152 redacti
1757 2081 1794 2150 et

266 2194 468 2295 diligentius
496 2193 658 2294 expliciti.
717 2194 794 2270 Nee
826 2196 966 2273 meliora
996 2196 1168 2297 praestitit
1200 2197 1344 2298 scriptor
1378 2194 1416 2273 in
1448 2195 1533 2298 ipsis
1560 2195 1791 2272 recentiorum

265 2313 402 2414 placitis
433 2321 469 2390 et
498 2313 719 2415 opinionibus
751 2315 942 2416 exigendis.
1001 2315 1093 2393 Satis
1125 2325 1283 2394 amurete
1315 2315 1459 2418 quidem
1488 2315 1679 2417 quaesivit,
1705 2313 1791 2413 quid

263 2433 419 2532 optimus
451 2433 619 2534 quisque,
653 2458 759 2533 quem
792 2433 838 2510 ad
872 2457 1017 2511 manum
1048 2434 1191 2526 habuit,
1227 2436 1321 2512 Iuris
1355 2434 1507 2512 Romani
1540 2435 1712 2534 interpres
1745 2433 1792 2508 ud

265 2551 421 2652 singulos
451 2553 544 2629 locos
572 2552 746 2645 docuerit,
780 2552 843 2630 sed
869 2575 984 2653 neque
1009 2578 1130 2632 omnes
1151 2555 1356 2656 interpretes
1381 2560 1519 2655 praesto
1539 2554 1608 2655 ipsi
1630 2552 1791 2643 luerunt,

263 2698 378 2774 neque
402 2675 439 2751 in
465 2699 583 2752 eorum
606 2675 788 2752 sententiis
814 2674 1031 2776 exponendis
1059 2683 1094 2752 et
1123 2675 1355 2752 diiudicandis
1374 2674 1520 2751 feliciter
1539 2680 1576 2749 et
1596 2681 1697 2750 acute
1719 2697 1793 2748 rer·

263 2801 361 2871 satus
389 2803 454 2871 est.
504 2794 606 2872 Idem
632 2794 819 2872 dicendum
848 2801 902 2872 est
926 2794 970 2871 de
992 2795 1099 2874 altere
1129 2795 1375 2896 disputationis
1395 2800 1514 2896 purte,
1538 2792 1577 2868 in
1605 2816 1677 2894 qus
1701 2791 1794 2868 Iuris

262 2911 436 2989 Hodiemi
464 2921 647 3015 praecepta
675 2913 831 3015 exposite
859 2921 952 2993 suut.
1003 2916 1046 2994 Iu
1074 2940 1115 2992 es
1138 2941 1298 3016 quoque,
1324 2915 1396 2991 sive
1417 2936 1534 2990 rerum
1554 2910 1642 2987 ratio
1666 2910 1792 2988 habea·

262 3041 339 3124 tur,
376 3032 447 3111 rive
476 3031 627 3128 ordinis,
661 3036 835 3136 permulta
870 3034 1121 3137 desiderentur.
1172 3035 1342 3128 Accedit,
1376 3032 1472 3136 quod
1492 3031 1570 3134 ipsu
1589 3029 1793 3132 disputerffi

261 3150 349 3229 ratio
373 3153 520 3232 obscura
544 3179 645 3259 saepe
669 3163 724 3233 est
747 3164 783 3233 et
803 3154 969 3249 confusa,
1002 3155 1111 3235 oratio
1134 3166 1253 3235 eutem
1282 3158 1369 3235 adeo
1395 3153 1528 3233 inculta
1549 3160 1587 3230 et
1606 3152 1728 3231 vitiosa
1752 3159 1794 3229 ut

263 3272 384 3350 lectori
410 3300 550 3375 prorsus
575 3274 764 3377 displiceat.

308 3392 357 3468 Et
389 3393 444 3470 his
476 3394 620 3497 quidem
654 3396 698 3473 de
728 3397 841 3474 causis
873 3395 989 3487 Ordo,
1019 3396 1085 3473 etsi
1112 3395 1286 3488 dolenter,
1312 3398 1418 3474 huius
1440 3392 1635 3493 scriptionis
1656 3394 1788 3471 nullam

261 3514 431 3593 rationem
457 3516 577 3594 haberi
600 3542 700 3620 posse
725 3516 899 3597 iudicavit.
