4967 6175
775 676 994 746 llJlthlA
1030 675 1286 750 ortulum!
1723 689 1787 760 111

267 878 364 980 quod
397 877 435 954 in
472 877 537 954 hae
567 877 768 976 quaestione
799 883 1042 984 flagitabatur,
1077 895 1118 966 ut
1148 889 1333 990 exploratis
1358 889 1564 970 toetinrouiis
1598 901 1636 971 et
1663 917 1789 974 monn·

268 998 416 1090 mentis,
450 996 646 1076 examinate
675 1021 796 1078 eorum
829 1003 919 1094 lide,
959 1008 1184 1097 amandus,
1216 1016 1414 1103 momento,
1449 1013 1787 1108 innumeratis,

268 1118 421 1219 mythice
443 1117 489 1196 sb
516 1115 709 1207 hutodnis,
731 1120 877 1221 antique
896 1146 920 1199 s
939 1125 1189 1202 recentioribus
1210 1129 1396 1228 diligerem
1418 1141 1692 1226 moenem,
1717 1161 1789 1236 qus

269 1263 340 1314 una
368 1238 501 1316 retiens
529 1236 618 1316 effici
642 1246 799 1338 poteret,
829 1248 871 1320 ut
897 1242 1195 1346 Amphictyonum
1218 1247 1422 1327 institutum
1444 1249 1573 1330 olerius
1597 1278 1705 1354 quem
1725 1256 1787 1333 sd·

269 1359 338 1434 hue
362 1357 495 1434 fectum
517 1357 757 1434 illustraretur.

318 1476 387 1552 His
416 1475 525 1576 igitur
552 1477 747 1576 perpensis,
780 1477 877 1554 Ordo
906 1481 1205 1558 commentstionis
1236 1483 1343 1560 lrnins
1367 1485 1525 1587 scriptori
1549 1513 1620 1564 non
1641 1515 1788 1568 sumum
1830 1569 1834 1576 ,

270 1595 412 1696 quidem
447 1595 658 1694 praemium,
693 1603 847 1674 damen
880 1599 1056 1698 proximos
1082 1601 1165 1679 hnic
1195 1601 1342 1680 honmss
1368 1607 1596 1708 resignandos
1624 1609 1785 1688 decrevit.

271 1715 412 1792 Seidule
435 1724 554 1815 aperte
578 1737 705 1792 nemen
728 1715 881 1792 ostendit
1067 1795 1071 1802 ,

743 1835 833 1904 IAM
854 1835 992 1906 1seonl
1014 1835 1308 1920 consumserit,

270 1954 306 2027 in
338 1951 527 2028 Academia
556 1951 881 2053 Lugdunensem
910 1953 995 2032 Litt.
1024 1954 1122 2036 hum.
1153 1955 1363 2048 Candidati,
1386 1959 1467 2060 qui,
1491 1961 1654 2040 instituts
1680 1987 1785 2064 quse·

270 2071 400 2160 stione,
423 2079 597 2148 auctorem
624 2096 661 2148 se
684 2071 853 2172 prebsrit.

319 2189 377 2266 Ad
400 2189 543 2266 alteram
566 2191 824 2290 quaestionem,
848 2214 938 2289 qune
963 2191 1047 2268 hese
1072 2191 1157 2269 fuit:

365 2310 575 2388 [musam
595 2313 789 2413 sapesso
813 2311 975 2390 lumea
994 2319 1031 2390 et
1047 2314 1329 2412 proumdoode
1342 2337 1377 2392 s.
1391 2337 1653 2394 nnrnsoerrnr
1665 2321 1787 2396 eides

415 2438 492 2508 orta
523 2433 561 2506 r's
591 2432 781 2510 emm&
801 2431 900 2508 une
922 2431 998 2523 IV,
1031 2434 1066 2506 V
1087 2441 1124 2510 et
1149 2433 1213 2510 VI
1235 2435 1393 2512 cume
1418 2457 1530 2514 runnu
1553 2459 1695 2515 enom:

270 2549 406 2626 nullum
429 2573 633 2650 responsum
657 2550 790 2652 mospit
813 2549 920 2630 Ordo.

936 2817 1121 2834 m

624 3023 861 3107 IUDIGIUM
885 3023 1089 3109 ORDlNIS
1111 3025 1427 3107 MEDIOORUM.

319 3264 416 3347 Ordo
438 3264 655 3345 Medicorum
679 3264 769 3348 haue
791 3270 1015 3365 proposuerat
1038 3263 1296 3363 queestiousrn:

373 3387 557 3469 euocetur
589 3386 769 3484 deam
795 3384 983 3484 plosdsloe
1007 3390 1216 3481 prestatur,
1250 3383 1410 3487 ispsr’m
1428 3387 1616 3477 human
1637 3388 1787 3467 inesibus

413 3506 609 3593 monae,
634 3505 804 3602 pemtiess'
835 3505 939 3579 ettam
969 3508 1144 3579 struem
1175 3504 1390 3602 semme
1416 3506 1600 3606 indagato,
1635 3508 1785 3597 additis,

413 3650 502 3724 quoe
522 3624 660 3719 defendi
673 3625 831 3721 poert,
858 3622 1075 3699 meraris
1088 3621 1353 3721 ptgsteeys‘e‘o:

317 3743 376 3825 Ad
399 3768 507 3843 quem
531 3764 641 3819 unum
666 3742 798 3842 noespit
820 3764 1046 3841 responsum,
1072 3739 1126 3816 his
1150 3760 1316 3818 muner
1341 3738 1455 3819 verbis
1476 3740 1701 3843 inscriptum

370 3862 640 3962 oDrffler‘lls'rrrrrrrr
672 3864 852 3962 adgredior
883 3861 1030 3935 luderem
1062 3866 1099 3935 et
1128 3861 1255 3939 euim
1286 3861 1347 3937 oie
1363 3861 1549 3959 mue,
1580 3864 1642 3962 qsr'
1667 3864 1788 3937 uereri

416 3980 649 4079 ‘Maubai’

318 4104 451 4177 Auctor
486 4099 591 4174 huius
626 4096 924 4173 commentationis
958 4094 1158 4195 glandulam
1187 4102 1378 4193 prestetum
1404 4104 1562 4175 recente
1584 4096 1784 4198 descripsit,

271 4219 473 4320 penitiersm
497 4218 608 4317 ipsius
633 4216 799 4295 fabricem
825 4214 998 4293 subtiliter
1026 4213 1186 4315 exposuit
1208 4238 1419 4314 omnemque
1443 4214 1548 4293 huius
1572 4217 1681 4316 portis
1703 4242 1785 4294 ana·
1893 4298 1899 4305 ,

272 4352 389 4421 tomen
410 4338 559 4439 egregiis
585 4336 745 4415 iconibus
763 4336 957 4413 illustrerit.
1008 4335 1091 4414 Non
1114 4355 1202 4413 nors
1221 4333 1366 4433 quidem
1387 4334 1544 4414 invenire
1567 4337 1602 4413 ei
1622 4338 1785 4439 contigit,

271 4470 308 4535 et
333 4483 413 4536 vero
436 4456 543 4537 dubia
563 4458 658 4535 hsud
678 4481 789 4557 pouos
813 4456 933 4539 sedule
956 4452 1244 4555 pervestigatione
1264 4456 1409 4537 certiore
1431 4456 1595 4535 reddidit.
1642 4460 1786 4560 Physio·

272 4577 418 4677 legere,
458 4602 546 4677 ques
582 4577 759 4667 tructarit,
800 4574 1019 4675 quaestiones
1052 4572 1246 4652 hodiernus·
1271 4574 1473 4676 euripum
1509 4575 1635 4656 retioni
1669 4579 1786 4655 minus

274 4696 491 4797 respondent.
556 4696 739 4787 Chemieo,
779 4720 870 4796 quse
904 4693 1042 4784 rotulit,
1081 4694 1162 4773 lieet
1199 4694 1314 4794 ipsius
1347 4694 1556 4773 indestrism
1594 4705 1785 4785 munem,

275 4816 367 4916 perri
401 4825 483 4895 sunt
518 4818 695 4895 momenti.
757 4817 832 4898 Neo
868 4838 950 4893 sene
984 4814 1139 4915 grsriere
1173 4812 1218 4891 ab
1256 4814 1401 4893 extructi
1436 4813 1621 4913 glondulre
1655 4816 1787 4914 enelysi
