<?xml version="1.0" encoding="UTF-8"?>
<!DOCTYPE html PUBLIC "-//W3C//DTD XHTML 1.0 Transitional//EN"
    "http://www.w3.org/TR/xhtml1/DTD/xhtml1-transitional.dtd">
<html xmlns="http://www.w3.org/1999/xhtml" xml:lang="en" lang="en">
 <head>
  <title>
</title>
<meta http-equiv="Content-Type" content="text/html;charset=utf-8" />
  <meta name='ocr-system' content='tesseract 3.04.00' />
  <meta name='ocr-capabilities' content='ocr_page ocr_carea ocr_par ocr_line ocrx_word'/>
</head>
<body>
  <div class='ocr_page' id='page_1' title='image "annalesacademic09unkngoog_0150.png"; bbox 0 0 4967 6175; ppageno 0'>
   <div class='ocr_carea' id='block_1_1' title="bbox 670 599 1652 674">
    <p class='ocr_par' dir='ltr' id='par_1_1' title="bbox 670 599 1652 674">
     <span class='ocr_line' id='line_1_1' title="bbox 670 599 1652 674; baseline -0.004 -4"><span class='ocrx_word' id='word_1_1' title='bbox 670 605 734 672; x_wconf 82' lang='lat'><strong>140</strong></span> <span class='ocrx_word' id='word_1_2' title='bbox 1229 603 1255 669; x_wconf 91' lang='lat'><strong>1.</strong></span> <span class='ocrx_word' id='word_1_3' title='bbox 1290 599 1329 671; x_wconf 82' lang='grc' dir='ltr'><strong>Α.</strong></span> <span class='ocrx_word' id='word_1_4' title='bbox 1363 602 1399 674; x_wconf 74' lang='grc' dir='ltr'><strong>(ι.</strong></span> <span class='ocrx_word' id='word_1_5' title='bbox 1433 599 1652 671; x_wconf 68' lang='lat' dir='ltr'><strong>moveas</strong></span> 
     </span>
    </p>
   </div>
   <div class='ocr_carea' id='block_1_2' title="bbox 668 804 2213 2824">
    <p class='ocr_par' dir='ltr' id='par_1_2' title="bbox 668 804 2213 2824">
     <span class='ocr_line' id='line_1_2' title="bbox 668 804 2208 907; baseline -0.005 -18"><span class='ocrx_word' id='word_1_6' title='bbox 668 837 726 889; x_wconf 90' lang='lat' dir='ltr'><strong>eas</strong></span> <span class='ocrx_word' id='word_1_7' title='bbox 757 812 795 887; x_wconf 90' lang='lat' dir='ltr'><strong>in</strong></span> <span class='ocrx_word' id='word_1_8' title='bbox 827 807 1039 884; x_wconf 80' lang='lat' dir='ltr'><strong>Medicinam</strong></span> <span class='ocrx_word' id='word_1_9' title='bbox 1073 807 1308 898; x_wconf 87' lang='lat' dir='ltr'><strong>introductas,</strong></span> <span class='ocrx_word' id='word_1_10' title='bbox 1343 809 1432 885; x_wconf 89' lang='lat' dir='ltr'><strong>banc</strong></span> <span class='ocrx_word' id='word_1_11' title='bbox 1461 805 1656 884; x_wconf 76' lang='lat' dir='ltr'><strong>incredibili</strong></span> <span class='ocrx_word' id='word_1_12' title='bbox 1678 804 1748 882; x_wconf 91' lang='lat' dir='ltr'><strong>iam</strong></span> <span class='ocrx_word' id='word_1_13' title='bbox 1770 806 1888 882; x_wconf 89' lang='lat' dir='ltr'><strong>studio</strong></span> <span class='ocrx_word' id='word_1_14' title='bbox 1909 808 1956 885; x_wconf 89' lang='grc' dir='ltr'><strong>ιιι</strong></span> <span class='ocrx_word' id='word_1_15' title='bbox 1988 833 2088 884; x_wconf 87' lang='lat' dir='ltr'><strong>suam</strong></span> <span class='ocrx_word' id='word_1_16' title='bbox 2113 809 2208 907; x_wconf 88' lang='lat' dir='ltr'><strong>ipsa·</strong></span> 
     </span>
     <span class='ocr_line' id='line_1_3' title="bbox 668 923 2207 1028; baseline -0.003 -20"><span class='ocrx_word' id='word_1_17' title='bbox 668 957 746 1008; x_wconf 91' lang='lat' dir='ltr'><strong>rum</strong></span> <span class='ocrx_word' id='word_1_18' title='bbox 778 935 906 1005; x_wconf 89' lang='lat' dir='ltr'><strong>certam</strong></span> <span class='ocrx_word' id='word_1_19' title='bbox 943 926 1111 1003; x_wconf 83' lang='lat' dir='ltr'><strong>rationem</strong></span> <span class='ocrx_word' id='word_1_20' title='bbox 1142 928 1274 1028; x_wconf 84' lang='lat' dir='ltr'><strong>erigere</strong></span> <span class='ocrx_word' id='word_1_21' title='bbox 1306 929 1441 1004; x_wconf 84' lang='lat' dir='ltr'><strong>conari:</strong></span> <span class='ocrx_word' id='word_1_22' title='bbox 1476 927 1684 1028; x_wconf 77' lang='lat' dir='ltr'><strong>accipimus,</strong></span> <span class='ocrx_word' id='word_1_23' title='bbox 1718 923 1800 1002; x_wconf 89' lang='lat' dir='ltr'><strong>bino</strong></span> <span class='ocrx_word' id='word_1_24' title='bbox 1826 949 1934 1003; x_wconf 91' lang='lat' dir='ltr'><strong>novas</strong></span> <span class='ocrx_word' id='word_1_25' title='bbox 1963 935 2101 1004; x_wconf 80' lang='lat' dir='ltr'><strong>exortes</strong></span> <span class='ocrx_word' id='word_1_26' title='bbox 2129 953 2207 1004; x_wconf 90' lang='lat' dir='ltr'><strong>esse</strong></span> 
     </span>
     <span class='ocr_line' id='line_1_4' title="bbox 670 1045 2207 1149; baseline -0.002 -23"><span class='ocrx_word' id='word_1_27' title='bbox 670 1048 866 1138; x_wconf 79' lang='lat' dir='ltr'><strong>doctrinas,</strong></span> <span class='ocrx_word' id='word_1_28' title='bbox 904 1046 1148 1136; x_wconf 79' lang='lat' dir='ltr'><strong>Auutomiam,</strong></span> <span class='ocrx_word' id='word_1_29' title='bbox 1185 1047 1391 1136; x_wconf 84' lang='lat' dir='ltr'><strong>Gbemiem,</strong></span> <span class='ocrx_word' id='word_1_30' title='bbox 1427 1049 1611 1149; x_wconf 85' lang='lat' dir='ltr'><strong>Physicam</strong></span> <span class='ocrx_word' id='word_1_31' title='bbox 1649 1045 1904 1147; x_wconf 77' lang='lat' dir='ltr'><strong>patbologicas:</strong></span> <span class='ocrx_word' id='word_1_32' title='bbox 1943 1072 2022 1147; x_wconf 89' lang='lat' dir='ltr'><strong>spes</strong></span> <span class='ocrx_word' id='word_1_33' title='bbox 2060 1047 2207 1124; x_wconf 80' lang='lat' dir='ltr'><strong>efferim</strong></span> 
     </span>
     <span class='ocr_line' id='line_1_5' title="bbox 668 1165 2207 1268; baseline -0.002 -22"><span class='ocrx_word' id='word_1_34' title='bbox 668 1170 763 1258; x_wconf 91' lang='lat' dir='ltr'><strong>fore,</strong></span> <span class='ocrx_word' id='word_1_35' title='bbox 789 1176 830 1244; x_wconf 93' lang='grc' dir='ltr'><strong>ιιι</strong></span> <span class='ocrx_word' id='word_1_36' title='bbox 853 1167 916 1244; x_wconf 85' lang='grc' dir='ltr'><strong>ιιι</strong></span> <span class='ocrx_word' id='word_1_37' title='bbox 942 1169 1038 1268; x_wconf 80' lang='lat' dir='ltr'><strong>regia</strong></span> <span class='ocrx_word' id='word_1_38' title='bbox 1059 1166 1115 1243; x_wconf 87' lang='lat' dir='ltr'><strong>via</strong></span> <span class='ocrx_word' id='word_1_39' title='bbox 1136 1167 1181 1243; x_wconf 87' lang='lat' dir='ltr'><strong>ad</strong></span> <span class='ocrx_word' id='word_1_40' title='bbox 1204 1167 1417 1245; x_wconf 80' lang='lat' dir='ltr'><strong>Medicinam</strong></span> <span class='ocrx_word' id='word_1_41' title='bbox 1443 1167 1664 1268; x_wconf 85' lang='lat' dir='ltr'><strong>perveniatur</strong></span> <span class='ocrx_word' id='word_1_42' title='bbox 1683 1165 1973 1267; x_wconf 77' lang='lat' dir='ltr'><strong>physiologicam,</strong></span> <span class='ocrx_word' id='word_1_43' title='bbox 1999 1191 2140 1257; x_wconf 89' lang='lat' dir='ltr'><strong>verum,</strong></span> <span class='ocrx_word' id='word_1_44' title='bbox 2163 1175 2207 1243; x_wconf 90' lang='lat' dir='ltr'><strong>ut</strong></span> 
     </span>
     <span class='ocr_line' id='line_1_6' title="bbox 668 1286 2206 1389; baseline -0.003 -25"><span class='ocrx_word' id='word_1_45' title='bbox 668 1289 744 1389; x_wconf 91' lang='lat' dir='ltr'><strong>ipse</strong></span> <span class='ocrx_word' id='word_1_46' title='bbox 779 1288 847 1378; x_wconf 90' lang='lat' dir='ltr'><strong>ait,</strong></span> <span class='ocrx_word' id='word_1_47' title='bbox 881 1286 1057 1362; x_wconf 90' lang='lat' dir='ltr'><strong>doctrinae</strong></span> <span class='ocrx_word' id='word_1_48' title='bbox 1092 1286 1253 1363; x_wconf 83' lang='lat' dir='ltr'><strong>Medione</strong></span> <span class='ocrx_word' id='word_1_49' title='bbox 1282 1288 1401 1363; x_wconf 83' lang='lat' dir='ltr'><strong>finem.</strong></span> <span class='ocrx_word' id='word_1_50' title='bbox 1459 1287 1563 1363; x_wconf 92' lang='lat' dir='ltr'><strong>Hanc</strong></span> <span class='ocrx_word' id='word_1_51' title='bbox 1587 1307 1803 1362; x_wconf 80' lang='grc' dir='ltr'>ιιιιιιιιιιιι</span> <span class='ocrx_word' id='word_1_52' title='bbox 1824 1309 1923 1384; x_wconf 90' lang='lat' dir='ltr'><strong>spem</strong></span> <span class='ocrx_word' id='word_1_53' title='bbox 1945 1310 2032 1360; x_wconf 93' lang='lat' dir='ltr'><strong>num</strong></span> <span class='ocrx_word' id='word_1_54' title='bbox 2058 1294 2206 1360; x_wconf 84' lang='lat' dir='ltr'><strong>eventus</strong></span> 
     </span>
     <span class='ocr_line' id='line_1_7' title="bbox 668 1403 2204 1504; baseline -0.002 -21"><span class='ocrx_word' id='word_1_55' title='bbox 668 1407 850 1497; x_wconf 78' lang='lat' dir='ltr'><strong>fefellerit,</strong></span> <span class='ocrx_word' id='word_1_56' title='bbox 884 1429 1003 1480; x_wconf 90' lang='lat' dir='ltr'><strong>meum</strong></span> <span class='ocrx_word' id='word_1_57' title='bbox 1035 1428 1104 1480; x_wconf 89' lang='lat' dir='ltr'><strong>non</strong></span> <span class='ocrx_word' id='word_1_58' title='bbox 1140 1412 1194 1480; x_wconf 90' lang='lat' dir='ltr'><strong>est</strong></span> <span class='ocrx_word' id='word_1_59' title='bbox 1224 1405 1379 1482; x_wconf 88' lang='lat' dir='ltr'><strong>delinire.</strong></span> <span class='ocrx_word' id='word_1_60' title='bbox 1429 1407 1656 1503; x_wconf 85' lang='lat' dir='ltr'><strong>Quamquam</strong></span> <span class='ocrx_word' id='word_1_61' title='bbox 1689 1403 2023 1504; x_wconf 74' lang='lat' dir='ltr'><strong>sapientissimorum</strong></span> <span class='ocrx_word' id='word_1_62' title='bbox 2052 1405 2204 1480; x_wconf 83' lang='lat' dir='ltr'><strong>virorum</strong></span> 
     </span>
     <span class='ocr_line' id='line_1_8' title="bbox 670 1519 2206 1624; baseline -0.005 -19"><span class='ocrx_word' id='word_1_63' title='bbox 670 1526 876 1605; x_wconf 88' lang='lat' dir='ltr'><strong>auctoritate</strong></span> <span class='ocrx_word' id='word_1_64' title='bbox 908 1524 994 1624; x_wconf 92' lang='lat' dir='ltr'><strong>qnid</strong></span> <span class='ocrx_word' id='word_1_65' title='bbox 1028 1525 1102 1624; x_wconf 90' lang='lat' dir='ltr'><strong>ipse</strong></span> <span class='ocrx_word' id='word_1_66' title='bbox 1133 1523 1292 1614; x_wconf 88' lang='lat' dir='ltr'><strong>credam,</strong></span> <span class='ocrx_word' id='word_1_67' title='bbox 1324 1522 1432 1623; x_wconf 93' lang='lat' dir='ltr'><strong>probe</strong></span> <span class='ocrx_word' id='word_1_68' title='bbox 1460 1524 1551 1599; x_wconf 87' lang='lat' dir='ltr'><strong>novi.</strong></span> <span class='ocrx_word' id='word_1_69' title='bbox 1601 1523 1698 1598; x_wconf 90' lang='lat' dir='ltr'><strong>Huic</strong></span> <span class='ocrx_word' id='word_1_70' title='bbox 1725 1523 1885 1599; x_wconf 83' lang='lat' dir='ltr'><strong>Orationi</strong></span> <span class='ocrx_word' id='word_1_71' title='bbox 1906 1519 2143 1624; x_wconf 81' lang='lat' dir='ltr'><strong>coagmerunt</strong></span> <span class='ocrx_word' id='word_1_72' title='bbox 2169 1532 2206 1598; x_wconf 92' lang='lat' dir='ltr'><strong>et</strong></span> 
     </span>
     <span class='ocr_line' id='line_1_9' title="bbox 671 1642 2205 1747; baseline -0.004 -23"><span class='ocrx_word' id='word_1_73' title='bbox 671 1655 852 1747; x_wconf 64' lang='lat' dir='ltr'><strong>umquam</strong></span> <span class='ocrx_word' id='word_1_74' title='bbox 887 1645 1025 1745; x_wconf 83' lang='lat' dir='ltr'><strong>pondus</strong></span> <span class='ocrx_word' id='word_1_75' title='bbox 1056 1644 1270 1720; x_wconf 86' lang='lat' dir='ltr'><strong>addiderunt</strong></span> <span class='ocrx_word' id='word_1_76' title='bbox 1300 1651 1445 1733; x_wconf 74' lang='lat' dir='ltr'><strong>eunom,</strong></span> <span class='ocrx_word' id='word_1_77' title='bbox 1470 1667 1561 1744; x_wconf 87' lang='lat' dir='ltr'><strong>quae</strong></span> <span class='ocrx_word' id='word_1_78' title='bbox 1584 1667 1606 1718; x_wconf 91' lang='lat' dir='ltr'><strong>a</strong></span> <span class='ocrx_word' id='word_1_79' title='bbox 1630 1665 1852 1719; x_wconf 81' lang='grc' dir='ltr'>ιιιιιιιιιιιιο</span> <span class='ocrx_word' id='word_1_80' title='bbox 1873 1650 1950 1718; x_wconf 92' lang='lat' dir='ltr'><strong>tum</strong></span> <span class='ocrx_word' id='word_1_81' title='bbox 1971 1668 2014 1718; x_wconf 90' lang='lat' dir='ltr'><strong>er</strong></span> <span class='ocrx_word' id='word_1_82' title='bbox 2040 1642 2205 1719; x_wconf 88' lang='lat' dir='ltr'><strong>cathedra</strong></span> 
     </span>
     <span class='ocr_line' id='line_1_10' title="bbox 670 1762 2213 1864; baseline -0.003 -21"><span class='ocrx_word' id='word_1_83' title='bbox 670 1775 707 1843; x_wconf 90' lang='grc' dir='ltr'><strong>ιι</strong></span> <span class='ocrx_word' id='word_1_84' title='bbox 741 1766 779 1842; x_wconf 92' lang='lat' dir='ltr'><strong>in</strong></span> <span class='ocrx_word' id='word_1_85' title='bbox 812 1762 1031 1840; x_wconf 85' lang='lat' dir='ltr'><strong>sermonibus</strong></span> <span class='ocrx_word' id='word_1_86' title='bbox 1058 1786 1139 1838; x_wconf 93' lang='lat' dir='ltr'><strong>cnm</strong></span> <span class='ocrx_word' id='word_1_87' title='bbox 1163 1764 1344 1864; x_wconf 89' lang='lat' dir='ltr'><strong>discipulis</strong></span> <span class='ocrx_word' id='word_1_88' title='bbox 1368 1773 1444 1840; x_wconf 90' lang='lat' dir='ltr'><strong>tum</strong></span> <span class='ocrx_word' id='word_1_89' title='bbox 1466 1763 1513 1840; x_wconf 86' lang='lat' dir='ltr'><strong>ad</strong></span> <span class='ocrx_word' id='word_1_90' title='bbox 1534 1763 1789 1863; x_wconf 76' lang='lat' dir='ltr'><strong>aegrotantium</strong></span> <span class='ocrx_word' id='word_1_91' title='bbox 1812 1763 1957 1839; x_wconf 90' lang='lat' dir='ltr'><strong>lectulos</strong></span> <span class='ocrx_word' id='word_1_92' title='bbox 1980 1762 2074 1840; x_wconf 89' lang='lat' dir='ltr'><strong>dicta</strong></span> <span class='ocrx_word' id='word_1_93' title='bbox 2096 1762 2213 1838; x_wconf 72' lang='lat' dir='ltr'><strong>facta-⁴</strong></span> 
     </span>
     <span class='ocr_line' id='line_1_11' title="bbox 670 1882 2204 1988; baseline -0.003 -27"><span class='ocrx_word' id='word_1_94' title='bbox 670 1910 740 1988; x_wconf 89' lang='lat' dir='ltr'><strong>que</strong></span> <span class='ocrx_word' id='word_1_95' title='bbox 771 1892 864 1961; x_wconf 85' lang='lat' dir='ltr'><strong>sunt.</strong></span> <span class='ocrx_word' id='word_1_96' title='bbox 915 1883 1011 1958; x_wconf 89' lang='lat' dir='ltr'><strong>Hinc</strong></span> <span class='ocrx_word' id='word_1_97' title='bbox 1044 1907 1172 1964; x_wconf 89' lang='lat' dir='ltr'><strong>novum</strong></span> <span class='ocrx_word' id='word_1_98' title='bbox 1206 1884 1441 1960; x_wconf 88' lang='lat' dir='ltr'><strong>Professorem</strong></span> <span class='ocrx_word' id='word_1_99' title='bbox 1473 1883 1636 1983; x_wconf 87' lang='lat' dir='ltr'><strong>discipuli</strong></span> <span class='ocrx_word' id='word_1_100' title='bbox 1656 1884 1693 1959; x_wconf 88' lang='lat' dir='ltr'><strong>in</strong></span> <span class='ocrx_word' id='word_1_101' title='bbox 1713 1882 1824 1958; x_wconf 87' lang='lat' dir='ltr'><strong>oculis</strong></span> <span class='ocrx_word' id='word_1_102' title='bbox 1849 1882 2018 1958; x_wconf 87' lang='lat' dir='ltr'><strong>ferebant.</strong></span> <span class='ocrx_word' id='word_1_103' title='bbox 2070 1882 2143 1957; x_wconf 84' lang='lat' dir='ltr'><strong>Sed</strong></span> <span class='ocrx_word' id='word_1_104' title='bbox 2168 1891 2204 1958; x_wconf 90' lang='grc' dir='ltr'><strong>ιι</strong></span> 
     </span>
     <span class='ocr_line' id='line_1_12' title="bbox 670 1999 2204 2104; baseline -0.001 -22"><span class='ocrx_word' id='word_1_105' title='bbox 670 2007 725 2082; x_wconf 89' lang='lat' dir='ltr'><strong>bis</strong></span> <span class='ocrx_word' id='word_1_106' title='bbox 759 2015 795 2080; x_wconf 91' lang='lat' dir='ltr'><strong>et</strong></span> <span class='ocrx_word' id='word_1_107' title='bbox 824 2002 1034 2079; x_wconf 86' lang='lat' dir='ltr'><strong>Academiae</strong></span> <span class='ocrx_word' id='word_1_108' title='bbox 1066 2002 1178 2101; x_wconf 80' lang='lat' dir='ltr'><strong>magis</strong></span> <span class='ocrx_word' id='word_1_109' title='bbox 1209 2010 1372 2079; x_wconf 86' lang='lat' dir='ltr'><strong>ostensus</strong></span> <span class='ocrx_word' id='word_1_110' title='bbox 1394 2003 1453 2079; x_wconf 93' lang='lat' dir='ltr'><strong>ille</strong></span> <span class='ocrx_word' id='word_1_111' title='bbox 1477 2028 1584 2104; x_wconf 89' lang='lat' dir='ltr'><strong>quam</strong></span> <span class='ocrx_word' id='word_1_112' title='bbox 1611 2002 1716 2078; x_wconf 87' lang='lat' dir='ltr'><strong>datus</strong></span> <span class='ocrx_word' id='word_1_113' title='bbox 1736 2009 1802 2078; x_wconf 88' lang='lat' dir='ltr'><strong>est.</strong></span> <span class='ocrx_word' id='word_1_114' title='bbox 1852 2003 1994 2102; x_wconf 83' lang='lat' dir='ltr'><strong>Septem</strong></span> <span class='ocrx_word' id='word_1_115' title='bbox 2018 2002 2064 2078; x_wconf 94' lang='lat' dir='ltr'><strong>ab</strong></span> <span class='ocrx_word' id='word_1_116' title='bbox 2084 1999 2204 2080; x_wconf 89' lang='lat' dir='ltr'><strong>habita</strong></span> 
     </span>
     <span class='ocr_line' id='line_1_13' title="bbox 673 2121 2204 2220; baseline -0.002 -21"><span class='ocrx_word' id='word_1_117' title='bbox 673 2123 840 2199; x_wconf 92' lang='lat' dir='ltr'><strong>Oratione</strong></span> <span class='ocrx_word' id='word_1_118' title='bbox 875 2121 1056 2197; x_wconf 90' lang='lat' dir='ltr'><strong>mensibus</strong></span> <span class='ocrx_word' id='word_1_119' title='bbox 1091 2121 1219 2198; x_wconf 85' lang='lat' dir='ltr'><strong>exactis</strong></span> <span class='ocrx_word' id='word_1_120' title='bbox 1250 2121 1344 2198; x_wconf 90' lang='lat' dir='ltr'><strong>diem</strong></span> <span class='ocrx_word' id='word_1_121' title='bbox 1375 2123 1463 2200; x_wconf 92' lang='lat' dir='ltr'><strong>obiit</strong></span> <span class='ocrx_word' id='word_1_122' title='bbox 1497 2125 1551 2217; x_wconf 91' lang='lat'><strong>¹),</strong></span> <span class='ocrx_word' id='word_1_123' title='bbox 1584 2147 1626 2198; x_wconf 92' lang='lat' dir='ltr'><strong>eo</strong></span> <span class='ocrx_word' id='word_1_124' title='bbox 1650 2122 1772 2197; x_wconf 93' lang='lat' dir='ltr'><strong>morbo</strong></span> <span class='ocrx_word' id='word_1_125' title='bbox 1798 2121 1996 2212; x_wconf 88' lang='lat' dir='ltr'><strong>confectus,</strong></span> <span class='ocrx_word' id='word_1_126' title='bbox 2021 2147 2043 2198; x_wconf 92' lang='lat' dir='ltr'><strong>a</strong></span> <span class='ocrx_word' id='word_1_127' title='bbox 2067 2145 2139 2220; x_wconf 91' lang='lat' dir='ltr'><strong>quo</strong></span> <span class='ocrx_word' id='word_1_128' title='bbox 2163 2129 2204 2196; x_wconf 90' lang='lat' dir='ltr'><strong>ut</strong></span> 
     </span>
     <span class='ocr_line' id='line_1_14' title="bbox 672 2241 2202 2345; baseline -0.002 -26"><span class='ocrx_word' id='word_1_129' title='bbox 672 2268 777 2345; x_wconf 89' lang='lat' dir='ltr'><strong>quam</strong></span> <span class='ocrx_word' id='word_1_130' title='bbox 811 2241 981 2342; x_wconf 87' lang='lat' dir='ltr'><strong>plurimos</strong></span> <span class='ocrx_word' id='word_1_131' title='bbox 1010 2241 1191 2332; x_wconf 90' lang='lat' dir='ltr'><strong>liberaret,</strong></span> <span class='ocrx_word' id='word_1_132' title='bbox 1219 2243 1296 2342; x_wconf 89' lang='lat' dir='ltr'><strong>ipse</strong></span> <span class='ocrx_word' id='word_1_133' title='bbox 1330 2243 1394 2318; x_wconf 88' lang='lat' dir='ltr'><strong>dia</strong></span> <span class='ocrx_word' id='word_1_134' title='bbox 1427 2250 1603 2344; x_wconf 92' lang='lat' dir='ltr'><strong>noctuque</strong></span> <span class='ocrx_word' id='word_1_135' title='bbox 1624 2243 1662 2318; x_wconf 91' lang='lat' dir='ltr'><strong>in</strong></span> <span class='ocrx_word' id='word_1_136' title='bbox 1689 2241 1892 2342; x_wconf 74' lang='lat' dir='ltr'><strong>gravissima</strong></span> <span class='ocrx_word' id='word_1_137' title='bbox 1915 2242 2059 2342; x_wconf 78' lang='lat' dir='ltr'><strong>degerat</strong></span> <span class='ocrx_word' id='word_1_138' title='bbox 2085 2247 2202 2316; x_wconf 87' lang='lat' dir='ltr'><strong>conta·</strong></span> 
     </span>
     <span class='ocr_line' id='line_1_15' title="bbox 674 2360 2203 2465; baseline -0.002 -25"><span class='ocrx_word' id='word_1_139' title='bbox 674 2365 788 2465; x_wconf 79' lang='lat' dir='ltr'><strong>gione.</strong></span> <span class='ocrx_word' id='word_1_140' title='bbox 840 2363 874 2437; x_wconf 94' lang='lat'>0</span> <span class='ocrx_word' id='word_1_141' title='bbox 911 2360 1067 2437; x_wconf 83' lang='lat' dir='ltr'><strong>fallacem</strong></span> <span class='ocrx_word' id='word_1_142' title='bbox 1103 2361 1287 2436; x_wconf 90' lang='lat' dir='ltr'><strong>bominum</strong></span> <span class='ocrx_word' id='word_1_143' title='bbox 1317 2386 1436 2462; x_wconf 91' lang='lat' dir='ltr'><strong>spem,</strong></span> <span class='ocrx_word' id='word_1_144' title='bbox 1469 2387 1575 2462; x_wconf 88' lang='lat' dir='ltr'><strong>quam</strong></span> <span class='ocrx_word' id='word_1_145' title='bbox 1606 2364 1827 2439; x_wconf 84' lang='lat' dir='ltr'><strong>vehementer</strong></span> <span class='ocrx_word' id='word_1_146' title='bbox 1858 2371 1896 2438; x_wconf 92' lang='lat' dir='ltr'><strong>te</strong></span> <span class='ocrx_word' id='word_1_147' title='bbox 1928 2385 2203 2450; x_wconf 83' lang='lat' dir='ltr'><strong>exsecraremur,</strong></span> 
     </span>
     <span class='ocr_line' id='line_1_16' title="bbox 670 2479 2204 2582; baseline -0.003 -22"><span class='ocrx_word' id='word_1_148' title='bbox 670 2483 739 2560; x_wconf 89' lang='lat' dir='ltr'><strong>nisi</strong></span> <span class='ocrx_word' id='word_1_149' title='bbox 773 2502 986 2559; x_wconf 78' lang='grc' dir='ltr'>ιιιιιιιιιιιιιιι</span> <span class='ocrx_word' id='word_1_150' title='bbox 1022 2479 1090 2555; x_wconf 91' lang='lat' dir='ltr'><strong>iam</strong></span> <span class='ocrx_word' id='word_1_151' title='bbox 1120 2481 1333 2580; x_wconf 83' lang='lat' dir='ltr'><strong>aegrotantis</strong></span> <span class='ocrx_word' id='word_1_152' title='bbox 1365 2489 1403 2556; x_wconf 92' lang='lat' dir='ltr'><strong>et</strong></span> <span class='ocrx_word' id='word_1_153' title='bbox 1424 2491 1585 2582; x_wconf 86' lang='lat' dir='ltr'><strong>parentes</strong></span> <span class='ocrx_word' id='word_1_154' title='bbox 1609 2483 1803 2558; x_wconf 88' lang='lat' dir='ltr'><strong>roborantis</strong></span> <span class='ocrx_word' id='word_1_155' title='bbox 1828 2481 2001 2558; x_wconf 88' lang='lat' dir='ltr'><strong>sententia</strong></span> <span class='ocrx_word' id='word_1_156' title='bbox 2026 2505 2092 2556; x_wconf 89' lang='lat' dir='ltr'><strong>nos</strong></span> <span class='ocrx_word' id='word_1_157' title='bbox 2118 2505 2204 2581; x_wconf 90' lang='lat' dir='ltr'><strong>quo·</strong></span> 
     </span>
     <span class='ocr_line' id='line_1_17' title="bbox 671 2597 2205 2703; baseline -0.003 -24"><span class='ocrx_word' id='word_1_158' title='bbox 671 2627 741 2703; x_wconf 93' lang='lat' dir='ltr'><strong>que</strong></span> <span class='ocrx_word' id='word_1_159' title='bbox 770 2597 967 2678; x_wconf 90' lang='lat' dir='ltr'><strong>incredibili</strong></span> <span class='ocrx_word' id='word_1_160' title='bbox 997 2599 1127 2699; x_wconf 80' lang='lat' dir='ltr'><strong>gaudio</strong></span> <span class='ocrx_word' id='word_1_161' title='bbox 1149 2599 1391 2701; x_wconf 84' lang='lat' dir='ltr'><strong>perfunderet:</strong></span> <span class='ocrx_word' id='word_1_162' title='bbox 1425 2626 1481 2680; x_wconf 91' lang='lat' dir='ltr'><strong>res</strong></span> <span class='ocrx_word' id='word_1_163' title='bbox 1504 2602 1675 2680; x_wconf 85' lang='lat' dir='ltr'><strong>humanas</strong></span> <span class='ocrx_word' id='word_1_164' title='bbox 1699 2600 1889 2691; x_wconf 83' lang='lat' dir='ltr'><strong>divinitus,</strong></span> <span class='ocrx_word' id='word_1_165' title='bbox 1913 2601 2047 2691; x_wconf 90' lang='lat' dir='ltr'><strong>idest,</strong></span> <span class='ocrx_word' id='word_1_166' title='bbox 2073 2601 2205 2701; x_wconf 81' lang='lat' dir='ltr'><strong>optim0</strong></span> 
     </span>
     <span class='ocr_line' id='line_1_18' title="bbox 670 2720 865 2824; baseline -0.01 -26"><span class='ocrx_word' id='word_1_167' title='bbox 670 2720 865 2824; x_wconf 87' lang='lat' dir='ltr'><strong>procurari!</strong></span> 
     </span>
    </p>
   </div>
   <div class='ocr_carea' id='block_1_3' title="bbox 719 2911 2206 3060">
    <p class='ocr_par' dir='ltr' id='par_1_3' title="bbox 719 2911 2206 3060">
     <span class='ocr_line' id='line_1_19' title="bbox 719 2911 2206 3060; baseline -0.003 -22"><span class='ocrx_word' id='word_1_168' title='bbox 719 2961 891 3050; x_wconf 87' lang='lat' dir='ltr'><strong>Habetis,</strong></span> <span class='ocrx_word' id='word_1_169' title='bbox 928 2957 1118 3034; x_wconf 88' lang='lat' dir='ltr'><strong>Auditores</strong></span> <span class='ocrx_word' id='word_1_170' title='bbox 1151 2911 1378 3048; x_wconf 86' lang='lat' dir='ltr'><strong>ornatissimi,</strong></span> <span class='ocrx_word' id='word_1_171' title='bbox 1413 2958 1613 3059; x_wconf 87' lang='lat' dir='ltr'><strong>exemplum</strong></span> <span class='ocrx_word' id='word_1_172' title='bbox 1648 2983 1692 3034; x_wconf 88' lang='lat' dir='ltr'><strong>er</strong></span> <span class='ocrx_word' id='word_1_173' title='bbox 1729 2958 1785 3036; x_wconf 91' lang='lat' dir='ltr'><strong>bis</strong></span> <span class='ocrx_word' id='word_1_174' title='bbox 1818 2958 1976 3060; x_wconf 91' lang='lat' dir='ltr'><strong>quinque</strong></span> <span class='ocrx_word' id='word_1_175' title='bbox 2008 2965 2046 3032; x_wconf 93' lang='lat' dir='ltr'><strong>et</strong></span> <span class='ocrx_word' id='word_1_176' title='bbox 2080 2957 2206 3058; x_wconf 81' lang='lat' dir='ltr'><strong>viginti</strong></span> 
     </span>
    </p>
   </div>
   <div class='ocr_carea' id='block_1_4' title="bbox 669 3077 2204 4607">
    <p class='ocr_par' dir='ltr' id='par_1_4' title="bbox 669 3077 2204 4607">
     <span class='ocr_line' id='line_1_20' title="bbox 671 3077 2203 3181; baseline -0.001 -23"><span class='ocrx_word' id='word_1_177' title='bbox 671 3081 771 3159; x_wconf 91' lang='lat' dir='ltr'><strong>annis</strong></span> <span class='ocrx_word' id='word_1_178' title='bbox 802 3080 973 3181; x_wconf 90' lang='lat' dir='ltr'><strong>petitum,</strong></span> <span class='ocrx_word' id='word_1_179' title='bbox 1010 3102 1081 3177; x_wconf 88' lang='lat' dir='ltr'><strong>qao</strong></span> <span class='ocrx_word' id='word_1_180' title='bbox 1107 3079 1311 3154; x_wconf 86' lang='lat' dir='ltr'><strong>confirmare</strong></span> <span class='ocrx_word' id='word_1_181' title='bbox 1342 3077 1550 3155; x_wconf 85' lang='lat' dir='ltr'><strong>sententiam</strong></span> <span class='ocrx_word' id='word_1_182' title='bbox 1581 3078 1626 3155; x_wconf 89' lang='lat' dir='ltr'><strong>de</strong></span> <span class='ocrx_word' id='word_1_183' title='bbox 1655 3079 1746 3157; x_wconf 84' lang='lat' dir='ltr'><strong>vitae</strong></span> <span class='ocrx_word' id='word_1_184' title='bbox 1773 3078 2003 3156; x_wconf 82' lang='lat' dir='ltr'><strong>Academicae</strong></span> <span class='ocrx_word' id='word_1_185' title='bbox 2030 3078 2203 3179; x_wconf 79' lang='lat' dir='ltr'><strong>gravitate</strong></span> 
     </span>
     <span class='ocr_line' id='line_1_21' title="bbox 670 3196 2202 3303; baseline -0.004 -24"><span class='ocrx_word' id='word_1_186' title='bbox 670 3202 812 3303; x_wconf 85' lang='lat' dir='ltr'><strong>placuit.</strong></span> <span class='ocrx_word' id='word_1_187' title='bbox 875 3201 967 3277; x_wconf 87' lang='lat' dir='ltr'><strong>Sunt</strong></span> <span class='ocrx_word' id='word_1_188' title='bbox 1006 3196 1150 3273; x_wconf 89' lang='lat' dir='ltr'><strong>fortasse</strong></span> <span class='ocrx_word' id='word_1_189' title='bbox 1190 3198 1254 3297; x_wconf 91' lang='lat' dir='ltr'><strong>qui</strong></span> <span class='ocrx_word' id='word_1_190' title='bbox 1288 3198 1423 3274; x_wconf 81' lang='lat' dir='ltr'><strong>dicant:</strong></span> <span class='ocrx_word' id='word_1_191' title='bbox 1463 3198 1529 3273; x_wconf 91' lang='lat' dir='ltr'><strong>boc</strong></span> <span class='ocrx_word' id='word_1_192' title='bbox 1568 3200 1767 3301; x_wconf 89' lang='lat' dir='ltr'><strong>exemplum</strong></span> <span class='ocrx_word' id='word_1_193' title='bbox 1803 3199 1890 3299; x_wconf 90' lang='lat' dir='ltr'><strong>quid</strong></span> <span class='ocrx_word' id='word_1_194' title='bbox 1925 3198 1972 3274; x_wconf 95' lang='grc' dir='ltr'><strong>ιιι</strong></span> <span class='ocrx_word' id='word_1_195' title='bbox 2012 3223 2098 3286; x_wconf 91' lang='lat' dir='ltr'><strong>nos,</strong></span> <span class='ocrx_word' id='word_1_196' title='bbox 2137 3198 2202 3297; x_wconf 89' lang='lat' dir='ltr'><strong>qai</strong></span> 
     </span>
     <span class='ocr_line' id='line_1_22' title="bbox 671 3316 2204 3421; baseline -0.003 -23"><span class='ocrx_word' id='word_1_197' title='bbox 671 3346 740 3399; x_wconf 94' lang='lat' dir='ltr'><strong>non</strong></span> <span class='ocrx_word' id='word_1_198' title='bbox 780 3319 1001 3409; x_wconf 90' lang='lat' dir='ltr'><strong>Medicinae,</strong></span> <span class='ocrx_word' id='word_1_199' title='bbox 1048 3318 1111 3393; x_wconf 91' lang='lat' dir='ltr'><strong>sed</strong></span> <span class='ocrx_word' id='word_1_200' title='bbox 1147 3317 1466 3418; x_wconf 89' lang='lat' dir='ltr'><strong>Iurisprudeutiae,</strong></span> <span class='ocrx_word' id='word_1_201' title='bbox 1505 3316 1732 3421; x_wconf 75' lang='lat' dir='ltr'><strong>Theologiae,</strong></span> <span class='ocrx_word' id='word_1_202' title='bbox 1768 3318 1896 3395; x_wconf 75' lang='lat' dir='ltr'><strong>Litoris</strong></span> <span class='ocrx_word' id='word_1_203' title='bbox 1935 3317 2204 3394; x_wconf 89' lang='lat' dir='ltr'><strong>humanioribus</strong></span> 
     </span>
     <span class='ocr_line' id='line_1_23' title="bbox 670 3436 2201 3541; baseline -0.005 -22"><span class='ocrx_word' id='word_1_204' title='bbox 670 3462 810 3541; x_wconf 88' lang='lat' dir='ltr'><strong>operam</strong></span> <span class='ocrx_word' id='word_1_205' title='bbox 841 3439 1038 3516; x_wconf 77' lang='lat' dir='ltr'><strong>navamus?</strong></span> <span class='ocrx_word' id='word_1_206' title='bbox 1074 3436 1247 3527; x_wconf 85' lang='lat' dir='ltr'><strong>Videant,</strong></span> <span class='ocrx_word' id='word_1_207' title='bbox 1272 3462 1423 3536; x_wconf 87' lang='lat' dir='ltr'><strong>quaeso,</strong></span> <span class='ocrx_word' id='word_1_208' title='bbox 1447 3461 1493 3513; x_wconf 94' lang='lat' dir='ltr'><strong>ne</strong></span> <span class='ocrx_word' id='word_1_209' title='bbox 1518 3438 1696 3537; x_wconf 86' lang='lat' dir='ltr'><strong>pueriliter</strong></span> <span class='ocrx_word' id='word_1_210' title='bbox 1721 3439 1903 3540; x_wconf 86' lang='lat' dir='ltr'><strong>ineptiant.</strong></span> <span class='ocrx_word' id='word_1_211' title='bbox 1951 3438 2201 3537; x_wconf 68' lang='lat' dir='ltr'><strong>1330,qu-</strong></span> 
     </span>
     <span class='ocr_line' id='line_1_24' title="bbox 671 3556 2201 3659; baseline -0.003 -25"><span class='ocrx_word' id='word_1_212' title='bbox 671 3582 777 3659; x_wconf 90' lang='lat' dir='ltr'><strong>quam</strong></span> <span class='ocrx_word' id='word_1_213' title='bbox 800 3582 870 3635; x_wconf 86' lang='lat' dir='ltr'><strong>nou</strong></span> <span class='ocrx_word' id='word_1_214' title='bbox 894 3558 970 3641; x_wconf 89' lang='lat' dir='ltr'><strong>sine</strong></span> <span class='ocrx_word' id='word_1_215' title='bbox 994 3556 1202 3632; x_wconf 84' lang='lat' dir='ltr'><strong>verecundia</strong></span> <span class='ocrx_word' id='word_1_216' title='bbox 1223 3557 1269 3632; x_wconf 90' lang='lat' dir='ltr'><strong>cd</strong></span> <span class='ocrx_word' id='word_1_217' title='bbox 1293 3582 1353 3646; x_wconf 87' lang='lat' dir='ltr'><strong>ea,</strong></span> <span class='ocrx_word' id='word_1_218' title='bbox 1378 3580 1469 3655; x_wconf 90' lang='lat' dir='ltr'><strong>quae</strong></span> <span class='ocrx_word' id='word_1_219' title='bbox 1495 3582 1517 3633; x_wconf 91' lang='grc' dir='ltr'><strong>ι</strong></span> <span class='ocrx_word' id='word_1_220' title='bbox 1541 3558 1628 3633; x_wconf 88' lang='lat' dir='ltr'><strong>meis</strong></span> <span class='ocrx_word' id='word_1_221' title='bbox 1649 3559 1775 3634; x_wconf 90' lang='lat' dir='ltr'><strong>studiis</strong></span> <span class='ocrx_word' id='word_1_222' title='bbox 1794 3582 1936 3659; x_wconf 86' lang='lat' dir='ltr'><strong>prorsus</strong></span> <span class='ocrx_word' id='word_1_223' title='bbox 1959 3556 2070 3633; x_wconf 82' lang='lat' dir='ltr'><strong>aliem</strong></span> <span class='ocrx_word' id='word_1_224' title='bbox 2094 3563 2201 3645; x_wconf 90' lang='lat' dir='ltr'><strong>sunt,</strong></span> 
     </span>
     <span class='ocr_line' id='line_1_25' title="bbox 671 3673 2200 3777; baseline -0.002 -26"><span class='ocrx_word' id='word_1_225' title='bbox 671 3676 875 3777; x_wconf 88' lang='lat' dir='ltr'><strong>proferenda</strong></span> <span class='ocrx_word' id='word_1_226' title='bbox 911 3674 1039 3751; x_wconf 78' lang='lat' dir='ltr'><strong>emersi</strong></span> <span class='ocrx_word' id='word_1_227' title='bbox 1071 3680 1107 3749; x_wconf 92' lang='lat' dir='ltr'><strong>et</strong></span> <span class='ocrx_word' id='word_1_228' title='bbox 1143 3682 1257 3751; x_wconf 90' lang='lat' dir='ltr'><strong>aetate</strong></span> <span class='ocrx_word' id='word_1_229' title='bbox 1284 3676 1354 3751; x_wconf 90' lang='lat' dir='ltr'><strong>iam</strong></span> <span class='ocrx_word' id='word_1_230' title='bbox 1387 3678 1578 3775; x_wconf 86' lang='lat' dir='ltr'><strong>provectior</strong></span> <span class='ocrx_word' id='word_1_231' title='bbox 1599 3703 1698 3769; x_wconf 89' lang='lat' dir='ltr'><strong>sum,</strong></span> <span class='ocrx_word' id='word_1_232' title='bbox 1728 3679 1871 3753; x_wconf 87' lang='lat' dir='ltr'><strong>intuens</strong></span> <span class='ocrx_word' id='word_1_233' title='bbox 1893 3684 2011 3752; x_wconf 88' lang='lat' dir='ltr'><strong>tamen</strong></span> <span class='ocrx_word' id='word_1_234' title='bbox 2033 3675 2070 3749; x_wconf 88' lang='lat' dir='ltr'><strong>in</strong></span> <span class='ocrx_word' id='word_1_235' title='bbox 2091 3673 2200 3749; x_wconf 91' lang='lat' dir='ltr'><strong>buius</strong></span> 
     </span>
     <span class='ocr_line' id='line_1_26' title="bbox 671 3792 2199 3896; baseline -0.001 -26"><span class='ocrx_word' id='word_1_236' title='bbox 671 3796 807 3872; x_wconf 81' lang='lat' dir='ltr'><strong>iuvenis</strong></span> <span class='ocrx_word' id='word_1_237' title='bbox 826 3794 1036 3893; x_wconf 79' lang='lat' dir='ltr'><strong>imaginem,</strong></span> <span class='ocrx_word' id='word_1_238' title='bbox 1062 3792 1156 3869; x_wconf 88' lang='lat' dir='ltr'><strong>visus</strong></span> <span class='ocrx_word' id='word_1_239' title='bbox 1177 3793 1265 3869; x_wconf 91' lang='lat' dir='ltr'><strong>mihi</strong></span> <span class='ocrx_word' id='word_1_240' title='bbox 1286 3818 1363 3869; x_wconf 90' lang='lat' dir='ltr'><strong>sum</strong></span> <span class='ocrx_word' id='word_1_241' title='bbox 1384 3795 1505 3871; x_wconf 88' lang='lat' dir='ltr'><strong>audire</strong></span> <span class='ocrx_word' id='word_1_242' title='bbox 1524 3821 1641 3873; x_wconf 88' lang='lat' dir='ltr'><strong>vocem</strong></span> <span class='ocrx_word' id='word_1_243' title='bbox 1664 3798 1711 3873; x_wconf 90' lang='grc' dir='ltr'><strong>ιιι</strong></span> <span class='ocrx_word' id='word_1_244' title='bbox 1732 3821 1790 3872; x_wconf 94' lang='lat' dir='ltr'><strong>me</strong></span> <span class='ocrx_word' id='word_1_245' title='bbox 1809 3797 1926 3896; x_wconf 91' lang='lat' dir='ltr'><strong>ipsum</strong></span> <span class='ocrx_word' id='word_1_246' title='bbox 1944 3794 2199 3873; x_wconf 88' lang='lat' dir='ltr'><strong>cohortandum</strong></span> 
     </span>
     <span class='ocr_line' id='line_1_27' title="bbox 671 3910 2200 3992; baseline -0.001 -2"><span class='ocrx_word' id='word_1_247' title='bbox 671 3922 707 3991; x_wconf 90' lang='lat' dir='ltr'><strong>et</strong></span> <span class='ocrx_word' id='word_1_248' title='bbox 735 3913 949 3990; x_wconf 87' lang='lat' dir='ltr'><strong>monendum</strong></span> <span class='ocrx_word' id='word_1_249' title='bbox 973 3910 1073 3987; x_wconf 88' lang='lat' dir='ltr'><strong>valde</strong></span> <span class='ocrx_word' id='word_1_250' title='bbox 1096 3913 1279 3990; x_wconf 87' lang='lat' dir='ltr'><strong>efficacem.</strong></span> <span class='ocrx_word' id='word_1_251' title='bbox 1330 3914 1468 3990; x_wconf 88' lang='lat' dir='ltr'><strong>Scilicet</strong></span> <span class='ocrx_word' id='word_1_252' title='bbox 1490 3939 1560 3991; x_wconf 91' lang='lat' dir='ltr'><strong>non</strong></span> <span class='ocrx_word' id='word_1_253' title='bbox 1585 3924 1722 3992; x_wconf 90' lang='lat' dir='ltr'><strong>tantum</strong></span> <span class='ocrx_word' id='word_1_254' title='bbox 1746 3938 1931 3991; x_wconf 88' lang='lat' dir='ltr'><strong>commune</strong></span> <span class='ocrx_word' id='word_1_255' title='bbox 1959 3924 2014 3991; x_wconf 87' lang='lat' dir='ltr'><strong>est</strong></span> <span class='ocrx_word' id='word_1_256' title='bbox 2038 3914 2200 3990; x_wconf 90' lang='lat' dir='ltr'><strong>omnium</strong></span> 
     </span>
     <span class='ocr_line' id='line_1_28' title="bbox 671 4031 2201 4133; baseline -0.001 -24"><span class='ocrx_word' id='word_1_257' title='bbox 671 4033 930 4133; x_wconf 91' lang='lat' dir='ltr'><strong>disciplinarum</strong></span> <span class='ocrx_word' id='word_1_258' title='bbox 963 4031 1160 4123; x_wconf 90' lang='lat' dir='ltr'><strong>vinoulum,</strong></span> <span class='ocrx_word' id='word_1_259' title='bbox 1196 4032 1258 4109; x_wconf 91' lang='lat' dir='ltr'><strong>sed</strong></span> <span class='ocrx_word' id='word_1_260' title='bbox 1289 4033 1360 4108; x_wconf 90' lang='lat' dir='ltr'><strong>veri</strong></span> <span class='ocrx_word' id='word_1_261' title='bbox 1382 4057 1480 4110; x_wconf 89' lang='lat' dir='ltr'><strong>amor</strong></span> <span class='ocrx_word' id='word_1_262' title='bbox 1499 4034 1544 4109; x_wconf 90' lang='lat' dir='ltr'><strong>iis</strong></span> <span class='ocrx_word' id='word_1_263' title='bbox 1569 4034 1733 4111; x_wconf 89' lang='lat' dir='ltr'><strong>omnibus</strong></span> <span class='ocrx_word' id='word_1_264' title='bbox 1753 4042 1809 4110; x_wconf 91' lang='lat' dir='ltr'><strong>est</strong></span> <span class='ocrx_word' id='word_1_265' title='bbox 1828 4034 1922 4111; x_wconf 83' lang='lat' dir='ltr'><strong>ritae</strong></span> <span class='ocrx_word' id='word_1_266' title='bbox 1945 4033 2036 4112; x_wconf 89' lang='lat' dir='ltr'><strong>fons.</strong></span> <span class='ocrx_word' id='word_1_267' title='bbox 2089 4034 2201 4109; x_wconf 90' lang='lat' dir='ltr'><strong>Hunc</strong></span> 
     </span>
     <span class='ocr_line' id='line_1_29' title="bbox 671 4148 2199 4251; baseline -0.001 -24"><span class='ocrx_word' id='word_1_268' title='bbox 671 4154 915 4250; x_wconf 88' lang='lat' dir='ltr'><strong>undecumque</strong></span> <span class='ocrx_word' id='word_1_269' title='bbox 943 4149 1087 4240; x_wconf 89' lang='lat' dir='ltr'><strong>alimur,</strong></span> <span class='ocrx_word' id='word_1_270' title='bbox 1117 4149 1318 4251; x_wconf 88' lang='lat' dir='ltr'><strong>proficimus</strong></span> <span class='ocrx_word' id='word_1_271' title='bbox 1349 4150 1396 4227; x_wconf 86' lang='lat' dir='ltr'><strong>ad</strong></span> <span class='ocrx_word' id='word_1_272' title='bbox 1424 4150 1642 4227; x_wconf 87' lang='lat' dir='ltr'><strong>difficillimos</strong></span> <span class='ocrx_word' id='word_1_273' title='bbox 1664 4150 1798 4227; x_wconf 87' lang='lat' dir='ltr'><strong>labores</strong></span> <span class='ocrx_word' id='word_1_274' title='bbox 1819 4150 1977 4227; x_wconf 87' lang='lat' dir='ltr'><strong>alacriter</strong></span> <span class='ocrx_word' id='word_1_275' title='bbox 2007 4148 2199 4250; x_wconf 90' lang='lat' dir='ltr'><strong>suscipien-</strong></span> 
     </span>
     <span class='ocr_line' id='line_1_30' title="bbox 671 4267 2199 4371; baseline -0.001 -25"><span class='ocrx_word' id='word_1_276' title='bbox 671 4270 754 4359; x_wconf 90' lang='lat' dir='ltr'><strong>dos,</strong></span> <span class='ocrx_word' id='word_1_277' title='bbox 777 4269 823 4344; x_wconf 90' lang='lat' dir='ltr'><strong>ad</strong></span> <span class='ocrx_word' id='word_1_278' title='bbox 843 4267 1064 4343; x_wconf 86' lang='lat' dir='ltr'><strong>vindicandos</strong></span> <span class='ocrx_word' id='word_1_279' title='bbox 1084 4269 1315 4367; x_wconf 87' lang='lat' dir='ltr'><strong>nosmetipsos</strong></span> <span class='ocrx_word' id='word_1_280' title='bbox 1337 4270 1375 4344; x_wconf 90' lang='lat' dir='ltr'><strong>in</strong></span> <span class='ocrx_word' id='word_1_281' title='bbox 1395 4268 1611 4359; x_wconf 87' lang='lat' dir='ltr'><strong>libertatem,</strong></span> <span class='ocrx_word' id='word_1_282' title='bbox 1635 4270 1680 4346; x_wconf 87' lang='lat' dir='ltr'><strong>sd</strong></span> <span class='ocrx_word' id='word_1_283' title='bbox 1704 4268 1796 4345; x_wconf 92' lang='lat' dir='ltr'><strong>bona</strong></span> <span class='ocrx_word' id='word_1_284' title='bbox 1815 4277 1852 4345; x_wconf 89' lang='lat' dir='ltr'><strong>et</strong></span> <span class='ocrx_word' id='word_1_285' title='bbox 1873 4270 2020 4347; x_wconf 88' lang='lat' dir='ltr'><strong>honesta</strong></span> <span class='ocrx_word' id='word_1_286' title='bbox 2036 4295 2199 4371; x_wconf 85' lang='lat' dir='ltr'><strong>quaeque</strong></span> 
     </span>
     <span class='ocr_line' id='line_1_31' title="bbox 670 4386 2200 4491; baseline 0.001 -29"><span class='ocrx_word' id='word_1_287' title='bbox 670 4388 801 4465; x_wconf 88' lang='lat' dir='ltr'><strong>tuenda</strong></span> <span class='ocrx_word' id='word_1_288' title='bbox 828 4394 864 4461; x_wconf 90' lang='lat' dir='ltr'><strong>et</strong></span> <span class='ocrx_word' id='word_1_289' title='bbox 896 4387 1139 4485; x_wconf 88' lang='lat' dir='ltr'><strong>promovenda.</strong></span> <span class='ocrx_word' id='word_1_290' title='bbox 1190 4386 1287 4461; x_wconf 90' lang='lat' dir='ltr'><strong>Hine</strong></span> <span class='ocrx_word' id='word_1_291' title='bbox 1318 4387 1529 4489; x_wconf 89' lang='lat' dir='ltr'><strong>quicumque</strong></span> <span class='ocrx_word' id='word_1_292' title='bbox 1562 4388 1678 4479; x_wconf 84' lang='lat' dir='ltr'><strong>vobis,</strong></span> <span class='ocrx_word' id='word_1_293' title='bbox 1709 4389 1963 4467; x_wconf 88' lang='lat' dir='ltr'><strong>commilitones</strong></span> <span class='ocrx_word' id='word_1_294' title='bbox 1990 4390 2139 4491; x_wconf 92' lang='lat' dir='ltr'><strong>optimi,</strong></span> <span class='ocrx_word' id='word_1_295' title='bbox 2163 4398 2200 4464; x_wconf 91' lang='lat' dir='ltr'><strong>et</strong></span> 
     </span>
     <span class='ocr_line' id='line_1_32' title="bbox 669 4502 2198 4607; baseline 0.003 -28"><span class='ocrx_word' id='word_1_296' title='bbox 669 4530 731 4607; x_wconf 91' lang='lat' dir='ltr'><strong>per</strong></span> <span class='ocrx_word' id='word_1_297' title='bbox 755 4528 816 4579; x_wconf 88' lang='lat' dir='ltr'><strong>vos</strong></span> <span class='ocrx_word' id='word_1_298' title='bbox 840 4502 970 4603; x_wconf 90' lang='lat' dir='ltr'><strong>patriae</strong></span> <span class='ocrx_word' id='word_1_299' title='bbox 996 4502 1086 4577; x_wconf 87' lang='lat' dir='ltr'><strong>bene</strong></span> <span class='ocrx_word' id='word_1_300' title='bbox 1114 4502 1284 4603; x_wconf 90' lang='lat' dir='ltr'><strong>cupiunt,</strong></span> <span class='ocrx_word' id='word_1_301' title='bbox 1308 4503 1509 4603; x_wconf 87' lang='lat' dir='ltr'><strong>saepissime</strong></span> <span class='ocrx_word' id='word_1_302' title='bbox 1531 4515 1694 4599; x_wconf 88' lang='lat' dir='ltr'><strong>monent,</strong></span> <span class='ocrx_word' id='word_1_303' title='bbox 1720 4516 1762 4583; x_wconf 90' lang='lat' dir='ltr'><strong>ut</strong></span> <span class='ocrx_word' id='word_1_304' title='bbox 1784 4531 1854 4584; x_wconf 90' lang='lat' dir='ltr'><strong>non</strong></span> <span class='ocrx_word' id='word_1_305' title='bbox 1876 4510 1913 4585; x_wconf 89' lang='lat' dir='ltr'><strong>in</strong></span> <span class='ocrx_word' id='word_1_306' title='bbox 1938 4509 2060 4585; x_wconf 90' lang='lat' dir='ltr'><strong>amicis</strong></span> <span class='ocrx_word' id='word_1_307' title='bbox 2082 4508 2198 4584; x_wconf 90' lang='lat' dir='ltr'><strong>eidem</strong></span> 
     </span>
    </p>
   </div>
   <div class='ocr_carea' id='block_1_5' title="bbox 710 4760 1145 4845">
    <p class='ocr_par' dir='ltr' id='par_1_5' title="bbox 710 4760 1145 4845">
     <span class='ocr_line' id='line_1_33' title="bbox 710 4760 1145 4845; baseline -0.002 -19"><span class='ocrx_word' id='word_1_308' title='bbox 710 4763 736 4845; x_wconf 91' lang='lat'><strong>¹)</strong></span> <span class='ocrx_word' id='word_1_309' title='bbox 764 4764 802 4825; x_wconf 86' lang='lat' dir='ltr'><strong>D.</strong></span> <span class='ocrx_word' id='word_1_310' title='bbox 822 4781 843 4825; x_wconf 85' lang='lat' dir='ltr'>x</span> <span class='ocrx_word' id='word_1_311' title='bbox 862 4760 945 4824; x_wconf 82' lang='lat' dir='ltr'><strong>Febr.</strong></span> <span class='ocrx_word' id='word_1_312' title='bbox 965 4776 1145 4825; x_wconf 83' lang='lat' dir='ltr'><strong>crorooocxa.</strong></span> 
     </span>
    </p>
   </div>
   <div class='ocr_carea' id='block_1_6' title="bbox 0 0 2488 6173">
    <p class='ocr_par' dir='ltr' id='par_1_6' title="bbox 0 0 2488 6173">
     <span class='ocr_line' id='line_1_34' title="bbox 0 0 2488 6173; baseline 0 0"><span class='ocrx_word' id='word_1_313' title='bbox 0 0 2488 6173; x_wconf 95' lang='lat' dir='ltr'><strong> </strong></span> 
     </span>
    </p>
   </div>
  </div>
 </body>
</html>
