4967 6175
513 1668 745 1731 renuuntur
782 1666 1173 1728 LUGDUNO·BATAVAE
1212 1664 1460 1736 CURATORCS‚
1502 1664 1787 1737 Paoruesouua

552 1770 710 1831 ALUMNI
719 1816 726 1843 ‚
747 1768 968 1831 QUOTQUOT
988 1769 1223 1829 Parnassus
1239 1768 1293 1827 An
1311 1768 1419 1829 HAEC
1435 1766 1662 1827 SOLIAENNIA
1677 1768 1790 1827 CELE-

551 1872 715 1933 Brauon
736 1872 806 1933 HIC
828 1871 1005 1931 ADESTIS:
1029 1869 1254 1931 strumosus
1275 1868 1565 1929 HUMANISSIMIl

317 2339 541 2439 Quicumque
561 2341 763 2439 theologus,
789 2364 871 2416 rnen
896 2347 1077 2439 praecepto
1097 2339 1305 2425 obsecutus,
1330 2345 1526 2436 temporum
1548 2338 1647 2436 signa
1671 2337 1787 2413 obser·

268 2482 346 2533 vare
369 2459 473 2547 solet,
498 2459 597 2534 facile
629 2459 872 2534 animadvertit
894 2460 1075 2547 acerrimas
1101 2459 1230 2557 ubique
1255 2458 1299 2531 de
1322 2457 1486 2555 religione
1509 2456 1705 2531 Christiana
1732 2458 1791 2557 agi

266 2578 521 2653 controversias.
572 2580 652 2653 Non
680 2580 828 2654 diffiteor
852 2580 907 2653 vix
932 2604 1032 2678 posse
1057 2579 1144 2653 illud
1165 2586 1302 2653 nostrae
1325 2576 1448 2651 aetatis
1468 2576 1645 2674 proprium
1666 2577 1792 2666 videri,

267 2696 362 2794 quod
396 2696 492 2771 nnllo
523 2720 592 2771 non
622 2704 776 2795 tempore
807 2696 921 2771 locum
956 2696 1124 2772 habuerit.
1184 2697 1390 2794 Numquam
1420 2696 1513 2769 enim
1549 2695 1706 2784 deluere,
1731 2697 1794 2795 qni

267 2816 379 2913 ipsam
409 2840 483 2889 rem
518 2815 752 2889 Christianam
780 2815 1045 2913 impugnarent,
1070 2826 1131 2889 aut
1158 2814 1332 2890 Ecclesiae
1357 2814 1530 2913 dogmatis
1554 2815 1662 2889 dubia
1686 2840 1793 2914 oppo-

266 2941 399 3008 nerent.
457 2934 563 3012 Quod
596 2958 674 3007 vero
706 2957 800 3007 nnnc
833 2958 899 3009 nau
930 2934 1041 3020 venit,
1068 2940 1107 3007 ut
1135 2932 1248 3008 ubivis
1273 2932 1345 3007 fere
1367 2941 1534 3007 terrarum
1559 2936 1792 3031 magnacum

267 3052 387 3128 ardore
420 3051 560 3127 eaedem
592 3051 768 3151 agitentur
792 3060 827 3126 et
853 3051 1073 3152 gravissimae
1097 3051 1315 3150 questiones,
1341 3052 1405 3126 hoc
1427 3058 1491 3126 aut
1519 3075 1713 3150 numquam
1735 3076 1790 3127 ac·

266 3171 350 3246 cidit
384 3179 445 3246 aut
476 3171 658 3246 rarissime.
718 3171 825 3245 Mitto
853 3173 922 3246 iam
952 3196 1030 3259 eos,
1063 3171 1126 3269 qui
1153 3170 1355 3269 religionem
1385 3195 1407 3244 a
1434 3193 1592 3244 caarsro
1615 3170 1791 3246 conditam

267 3289 394 3364 nostris
427 3288 643 3388 temporibus
670 3314 739 3364 non
775 3291 924 3390 amphus
951 3291 1244 3367 accommodatam
1270 3314 1345 3364 esse
1367 3290 1433 3364 rati
1457 3313 1596 3388 prorsus
1618 3313 1695 3363 eam
1714 3288 1792 3364 reii-

266 3409 375 3484 ciant:
402 3409 446 3482 de
472 3407 678 3484 Christianis
703 3410 825 3509 loquor
848 3411 1035 3509 theologis,
1060 3411 1123 3509 qui
1146 3409 1304 3508 quamvis
1328 3409 1431 3508 longe
1451 3435 1472 3483 a
1495 3433 1532 3482 se
1554 3407 1700 3482 invicem
1721 3408 1791 3482 dis-

268 3527 455 3602 sentientes
475 3552 546 3602 uno
568 3536 682 3602 tamen
702 3553 760 3603 ore
778 3515 1001 3628 profitentur,
1022 3529 1223 3629 religionem
1244 3536 1398 3603 nostram
1417 3529 1616 3602 etiamnunc
1632 3527 1790 3602 omnium

267 3647 478 3722 verissimam
501 3655 537 3722 et
562 3648 890 3746 praestantissimam
913 3649 988 3724 iura
1010 3673 1074 3723 sno
1096 3649 1226 3724 audire.
1277 3647 1329 3722 Hi
1350 3655 1467 3722 autem
1486 3647 1522 3720 in
1547 3647 1698 3722 diversas
1720 3646 1790 3721 dia·

265 3790 396 3840 cessere
417 3773 548 3863 partes,
573 3791 721 3864 quarum
743 3767 849 3842 altera
871 3790 961 3864 quae
983 3791 1004 3840 a
1028 3765 1214 3840 maioribus
1236 3765 1364 3839 tradita
1384 3773 1466 3840 sunt
1489 3764 1653 3863 dogmata
1673 3765 1789 3840 omnia
1846 3838 1850 3846 ,

266 3889 327 3958 aut
357 3883 521 3983 pleraque
555 3893 646 3959 certe
669 3894 808 3971 tuetur,
839 3885 945 3960 altera
968 3885 1032 3959 hoc
1055 3886 1145 3983 agit,
1171 3895 1211 3958 ut
1235 3884 1426 3959 doctrinam
1452 3883 1680 3959 Christianam
1706 3909 1787 3958 cunr

264 4003 403 4101 ingenio
436 4011 631 4103 temporum
661 4013 856 4079 nostrorum
886 4005 1009 4080 afficiat
1042 4006 1265 4092 concordem,
1295 4003 1458 4090 abiectis,
1485 4003 1697 4102 ubicumque
1725 4002 1789 4078 hoc

264 4120 492 4196 necessarium
527 4121 702 4208 videatur,
737 4122 870 4219 placitis
903 4123 1165 4218 antiquioribus.
1217 4123 1353 4198 Horum
1381 4131 1525 4196 conatus
1552 4123 1620 4196 illis
1643 4121 1787 4219 periculi

264 4239 358 4338 pleni
390 4239 548 4314 videntur
580 4249 616 4314 et
644 4240 801 4340 religioni
832 4265 997 4340 perquam
1032 4243 1145 4330 noxii,
1180 4265 1286 4339 quam
1318 4240 1535 4328 labefactari,
1568 4241 1785 4338 quinetiam

263 4356 422 4432 funditus
454 4359 533 4463 tolli
557 4359 724 4448 clamant,
750 4357 887 4434 sublata
909 4359 1085 4432 communi
1112 4359 1283 4432 sententia
1310 4358 1354 4432 de
1380 4359 1555 4457 religionis
1580 4373 1651 4434 tam
1673 4360 1784 4434 Israe-

263 4475 374 4550 liticae
398 4501 505 4574 quam
530 4477 743 4554 Christianae
769 4479 900 4577 origine
922 4487 957 4552 et
982 4478 1185 4552 auctoritate
1212 4478 1348 4565 divina;
1372 4477 1435 4576 qui
1456 4478 1545 4552 hanc
1565 4501 1634 4550 non
1657 4477 1782 4552 admit·

263 4603 338 4668 tant
369 4619 427 4670 eos
460 4603 556 4670 extra
589 4597 763 4672 Ecclesiae
784 4599 871 4670 fines
892 4598 1017 4672 versari
1043 4597 1136 4672 haud
1159 4598 1265 4672 dubie
1287 4598 1535 4696 pronuntiant,
1560 4596 1646 4670 nihil
1673 4598 1783 4696 magis

262 4713 452 4812 optandum
488 4740 564 4789 esse
595 4716 851 4803 existimantes,
876 4741 982 4814 quam
1014 4728 1053 4791 nt
1079 4717 1156 4806 isti,
1181 4717 1293 4816 posita
1315 4717 1470 4815 theologi
1494 4716 1680 4791 Christiani
1704 4741 1779 4814 per·

262 4857 364 4922 sona,
389 4833 643 4910 Christianismi
665 4835 875 4910 adversarios
901 4860 975 4910 sese
1000 4839 1234 4934 profiteantur.
