4967 6175
1103 687 1298 752 saulus
1333 688 1664 759 cuculorum.

907 914 1122 989 lOANNES
1148 913 1425 990 CORNELIUS
1451 917 1714 992 GERARDUS
1737 917 1870 994 ΒΟΟΤ

627 1131 789 1231 privatim
820 1132 1053 1232 Antiquitatea
1086 1131 1261 1205 Borrama
1293 1131 1500 1230 explicabit,
1531 1131 1655 1208 diebua
1677 1133 1824 1226 Martia,
1847 1136 2031 1231 Mercurii,
2056 1142 2153 1218 Iovia

868 1259 904 1324 et
925 1249 1092 1338 Veneris,
1117 1250 1200 1325 hora
1224 1250 1323 1341 XII,

819 1372 960 1446 Literna
981 1371 1129 1444 Latinae
1150 1369 1288 1443 docebit
1307 1395 1469 1445 enarrans
1499 1374 1669 1449 Ciceronis
1689 1376 1875 1449 orationem
1889 1402 1958 1474 pro
1983 1379 2152 1472 Plancio,

870 1491 1016 1563 Horatii
1054 1497 1090 1564 et
1120 1488 1298 1561 Invenclab
1326 1490 1458 1562 ratim
1482 1490 1642 1580 relectae,
1677 1492 1791 1567 Taciti
1820 1497 2058 1590 Germaniam,
2091 1503 2151 1576 iis-

869 1609 948 1682 dem
975 1607 1117 1696 diebus,
1143 1607 1226 1681 hora
1251 1608 1291 1693 l,

819 1729 856 1802 in
884 1730 1016 1802 Scholia
1044 1731 1186 1802 Graecia
1209 1723 1495 1823 interpretabitur
1518 1726 1689 1802 Herodoti
1715 1736 1852 1828 partas,
1878 1735 2053 1832 Sophocle
2078 1749 2152 1815 Aa.

870 1851 1034 1948 luponem,
1060 1849 1220 1922 Plutonia
1250 1847 1460 1935 wammam,
1485 1845 1610 1922 iisdem
1635 1849 1780 1940 diebus,
1804 1851 1888 1928 hora
1912 1854 1962 1931 ΙΙ.

1129 2084 1434 2160 GUILIELMUS
1459 2084 1649 2161 VROLIK

822 2321 960 2398 docebit
991 2323 1182 2421 Zooloyiam
1209 2331 1245 2396 et
1265 2325 1453 2398 Anatomen
1474 2333 1719 2422 comparatam,
1744 2327 1869 2404 diebus
1887 2330 2029 2425 Lunae,
2054 2337 2149 2412 Mar-

872 2443 938 2530 tis,
963 2442 1056 2514 Iovis
1081 2451 1116 2514 et
1138 2441 1305 2530 Veneria,
1329 2442 1412 2516 hora
1435 2468 1469 2542 p.
1494 2468 1540 2518 m.
1567 2444 1624 2532 113

822 2563 1036 2636 Anctomiam
1068 2561 1108 2635 O.
1131 2562 1180 2636 H.
1212 2562 1336 2635 iisdem
1368 2562 1512 2650 diebus,
1538 2561 1621 2637 horu
1643 2587 1679 2662 p.
1695 2589 1742 2641 m.
1770 2566 1810 2656 I,
1835 2573 1989 2670 tempore
2009 2584 2148 2655 nutum.

869 2680 939 2755 nali
964 2690 1000 2754 et
1023 2678 1162 2754 hiemali
1184 2679 1342 2778 quotidie
1363 2679 1486 2753 eadem
1511 2679 1613 2769 hora,

821 2803 1020 2876 Metiodnm
1043 2803 1200 2889 necandi,
1227 2807 1382 2900 tempore
1408 2799 1549 2873 hiemali
1573 2800 1739 2899 quotidie.

946 3017 1276 3095 CHRISTIANUS
1300 3016 1597 3094 BERNARDUS
1622 3019 1832 3097 TILANUS

626 3238 787 3339 privatim
818 3237 957 3313 docebit
987 3236 1223 3335 Patioioyiam
1255 3242 1292 3311 et
1323 3236 1527 3335 Tiercpiam
1555 3238 1799 3337 ciirnryicam,
1830 3248 1884 3318 ter
1912 3248 2034 3345 quavis
2062 3250 2147 3326 heb.

869 3356 1037 3445 domade,
1062 3354 1145 3427 hore
1170 3352 1247 3427 XII
1256 3386 1267 3443 ς

825 3478 992 3553 dicamini
1023 3476 1270 3573 aeyrotantium
1305 3479 1341 3547 et
1372 3476 1462 3548 artu
1500 3478 1662 3550 coercitio
1695 3478 1734 3553 in
1768 3480 1976 3562 Noeooomio
2002 3489 2146 3569 Schotee

870 3596 1022 3669 Clinicae
1044 3596 1190 3694 praeerit
1211 3593 1335 3667 diebus
1359 3593 1527 3693 singulis,
1553 3593 1637 3669 hora
1661 3597 1737 3688 IX,

820 3717 1026 3789 Enctireaea
1062 3715 1208 3788 medicae
1245 3714 1284 3786 in
1321 3716 1484 3789 cadavere
1517 3715 1787 3810 demonstrabit,
1823 3719 1949 3799 diebus
1982 3734 2019 3803 et
2052 3731 2145 3809 horia

868 3832 1073 3908 indicandis.

1016 4016 1202 4092 PETRUS
1227 4013 1479 4091 HENRIOUS
1504 4018 1757 4094 SURINGAR

626 4234 785 4331 privatim
819 4236 1022 4333 Ticrcpiam
1048 4234 1245 4333 amantem
1273 4233 1433 4324 docebit,
1463 4234 1589 4311 diebua
1614 4238 1759 4330 Martis,
1785 4239 1951 4321 Marcmii
1967 4252 2005 4323 et
2030 4251 2144 4346 Iovia,

818 4352 1237 4546 Dobiiindirmrndrldbinm
1267 4471 1489 4568 maculatione
1514 4471 1817 4574 interpretabitur,
1849 4481 1975 4561 iiadem
1999 4488 2142 4585 diebus,

913 4614 929 4661 Υ
1001 4648 1009 4664 ·
1063 4648 1072 4665 ·
1145 4622 1156 4679 3

818 4589 956 4784 mibi
974 4592 1149 4785 pmililicdia
1182 4708 1229 4784 ad
1259 4708 1403 4785 lectulos
1433 4715 1689 4813 aegrotantium
1721 4718 1977 4817 moderabitur,
2015 4729 2140 4810 diebus

864 4830 1028 4929 cingulis,
1053 4831 1140 4905 hora
1158 4829 1338 4906 xmatutino
1359 4832 1423 4909 IX.
