4967 6175
714 670 755 735 22
1044 612 1050 625 ·
1306 667 1344 730 A.
1387 666 1645 733 KUENEN

708 884 883 953 netratnm
904 900 998 965 esse,
1022 898 1144 953 omnes
1164 883 1301 951 norunt.
1351 876 1473 975 Longe
1494 875 1595 975 plura
1619 874 1820 949 etiamnunc
1842 872 1948 947 latere
1976 870 2075 946 lacile
2100 870 2238 970 largior.

709 998 782 1078 Qui
806 996 981 1097 quondam
1006 994 1071 1071 hoc
1096 994 1165 1070 sibi
1188 996 1314 1070 sumsit
1340 995 1557 1095 symbolum:
1596 1004 1795 1093 liquantum
1823 1000 1877 1067 est
1901 990 1997 1091 quod
2021 990 2241 1065 nesuimnal”

711 1142 810 1206 enm,
836 1126 951 1192 nostra
974 1116 1062 1192 forte
1085 1122 1199 1191 aetate
1223 1116 1260 1191 in
1284 1116 1389 1191 vitam
1415 1138 1609 1203 reversum,
1644 1098 1909 1189 distinendam
1932 1110 2133 1211 poeniteret.
2172 1108 2244 1185 Sed

710 1237 806 1313 haud
827 1262 939 1336 pauca
960 1238 1030 1312 iam
1051 1236 1087 1311 in
1113 1238 1227 1311 lucem
1251 1246 1422 1337 protracta
1442 1244 1545 1324 sunt,
1571 1234 1761 1309 maioribus
1781 1233 1910 1308 nostris
1934 1232 2036 1332 plane
2055 1231 2242 1331 incognita.

708 1358 893 1457 Nusquam
926 1357 1135 1433 luculentius
1163 1358 1227 1432 hcc
1258 1364 1402 1455 apparet
1428 1378 1536 1454 quam
1563 1354 1599 1429 in
1623 1353 1833 1456 religienum
1856 1352 2011 1427 historia.
2059 1351 2142 1425 Non
2167 1360 2244 1425 tan·

708 1486 787 1553 tum
822 1477 995 1553 Ecclesiae
1032 1476 1250 1551 Christianae
1286 1476 1358 1553 lata
1390 1475 1440 1550 sic
1475 1475 1648 1549 illustrata
1681 1482 1785 1563 sunt,
1822 1480 1862 1548 ut
1895 1496 1999 1547 namo
2030 1465 2181 1570 amplius
2206 1471 2244 1545 in

709 1596 921 1695 explicandis
946 1596 1022 1671 eius
1045 1595 1344 1671 vicissitudinibus
1361 1595 1408 1670 ad
1431 1594 1644 1694 singularem
1666 1593 1734 1669 Dei
1755 1601 1818 1668 aut
1841 1593 1991 1667 Satanae
2010 1590 2244 1669 interventum

706 1715 906 1815 confugiat,
932 1716 994 1790 sed
1017 1716 1155 1791 illorum
1175 1740 1316 1815 quoque
1334 1714 1564 1814 populorum,
1589 1738 1678 1813 quos
1696 1711 1876 1789 communi
1897 1710 2082 1811 gentilium
2104 1710 2245 1800 nominc

706 1834 899 1931 intelligere
930 1832 1103 1929 solebant,
1136 1833 1297 1933 religioni
1326 1857 1415 1909 nova
1449 1834 1511 1907 lun
1542 1832 1685 1907 affulsit.
1725 1834 1894 1907 Gentium
1919 1829 2243 1932 superstitionesin

707 1978 766 2029 ora
796 1952 971 2027 habebant
1002 1954 1149 2051 presviq
1173 1977 1287 2053 nugas
1319 1952 1364 2027 ab
1403 1952 1472 2026 illis
1502 1951 1717 2051 excogitatas
1751 1954 1947 2042 iactabant3
1981 1953 2053 2027 veri
2081 1952 2171 2051 quid
2202 1950 2245 2025 iis

709 2074 851 2149 subesse
882 2073 939 2147 vix
970 2072 1246 2173 suspicabantur.
1298 2072 1390 2152 Quis
1421 2071 1541 2159 hodie,
1576 2072 1745 2147 Indorum
1772 2082 1809 2148 et
1835 2074 2040 2148 Bactrorum
2065 2072 2244 2148 codicibus

707 2192 812 2269 sacris
832 2192 1017 2292 diligenter
1037 2194 1244 2292 exploratis,
1264 2192 1425 2267 eamdem
1444 2191 1578 2267 tenebit
1599 2194 1833 2268 sententiam?
1867 2192 2244 2293 Iongeabcst‚A1t!

707 2321 748 2388 ut
771 2336 861 2411 qnae
886 2312 942 2387 his
964 2313 1186 2389 continentur
1209 2314 1328 2388 omnis
1354 2313 1580 2389 admiremur.
1630 2316 1681 2388 At
1705 2314 1872 2388 nonnulla
1897 2321 1970 2397 tam
1997 2313 2137 2413 egregia
2161 2319 2246 2387 sunt

707 2440 744 2509 et
772 2432 954 2523 sublimia,
990 2442 1030 2509 ut
1059 2459 1141 2509 cum
1176 2433 1319 2533 optimis
1348 2432 1486 2507 Veteris
1514 2433 1681 2509 Foederis
1703 2433 1863 2534 partibus
1885 2434 2077 2534 comparari
2098 2434 2245 2533 possint.

708 2552 759 2625 Ut
787 2552 891 2628 verbo
920 2553 1054 2628 dicam:
1091 2554 1239 2653 populos
1266 2554 1449 2652 antiquos,
1482 2553 1662 2653 religionis
1681 2553 1817 2630 ratione
1841 2553 1981 2642 habita,
2014 2553 2115 2652 quasi
2136 2576 2245 2627 unam

706 2672 910 2771 perditionis
934 2698 1107 2762 massam,
1143 2673 1310 2748 Israelitis
1333 2681 1369 2747 et
1395 2673 1605 2747 Christianis
1626 2671 1747 2772 proavi
1768 2672 2010 2773 opponebant;
2035 2674 2140 2762 fines,
2166 2672 2245 2771 qui·

704 2792 773 2865 bns
801 2817 823 2866 a
855 2792 1009 2891 profanis
1035 2818 1131 2868 secra
1154 2792 1409 2893 seiunguntur,
1440 2801 1600 2867 accumte
1624 2793 1837 2868 constituere
1860 2794 1929 2868 sibi
1952 2817 2054 2893 posse
2080 2792 2246 2867 videban-

703 2918 772 2988 tur.
822 2912 936 2987 Nobis
969 2912 1057 2988 nihil
1090 2914 1266 2988 difficilius
1296 2920 1360 2987 est.
1412 2915 1515 2990 Quae
1545 2921 1671 3000 antea,
1703 2915 1820 3011 primo
1841 2913 2030 3010 adspectu,
2054 2922 2129 2987 teto
2150 2913 2247 2988 coelo

703 3031 831 3106 distare
863 3030 1090 3120 videbantur,
1128 3030 1251 3104 eadem
1283 3053 1378 3104 nunc
1411 3030 1618 3127 diligentius
1652 3030 1832 3128 explorata
1866 3054 1910 3104 ex
1944 3054 2016 3104 unc
2051 3032 2248 3133 eodemque

703 3149 801 3225 iente
829 3149 971 3224 fluxisse
995 3157 1101 3248 patet.
1155 3148 1279 3222 Ubivis
1300 3148 1395 3223 enim
1420 3146 1731 3223 animadvertimus
1761 3157 1909 3224 naturae
1934 3149 2129 3238 humanae,
2155 3153 2250 3226 veris

703 3268 807 3359 falsa,
851 3251 1062 3344 sublimibus
1104 3269 1251 3344 humilia
1292 3268 1497 3356 inserentis,
1534 3269 1789 3356 constantiam
1830 3292 2004 3368 nusquam
2042 3278 2104 3343 aut
2140 3269 2248 3348 home

703 3399 846 3489 apparet
870 3389 945 3464 sine
972 3390 1091 3489 aliquo
1116 3391 1236 3465 afflatu
1261 3388 1398 3476 divino,
1433 3395 1496 3461 aut
1526 3389 1624 3463 Dens
1650 3388 1844 3463 absolutam
1872 3413 1972 3464 snam
1997 3388 2244 3489 perlectionem

705 3510 841 3585 mediae
866 3510 1039 3585 humanae
1063 3507 1296 3585 imbecillitati
1319 3507 1531 3583 immiscens.

754 3630 856 3720 Quod
888 3632 933 3705 de
964 3630 1126 3720 historia,
1157 3630 1251 3704 idem
1277 3628 1321 3703 de
1346 3628 1607 3727 disciplinarum
1632 3627 1852 3726 physicarum
1877 3629 2119 3729 progressibus
2143 3629 2242 3704 valet.

705 3751 761 3824 De
794 3751 924 3849 quibus
958 3751 989 3824 si
1017 3750 1219 3826 cor-amnas
1243 3748 1404 3823 contione
1430 3747 1535 3823 verbs
1555 3746 1667 3822 iacere
1687 3748 1876 3837 auderem,
1902 3749 2109 3825 temeritatis
2130 3773 2243 3848 repre·

707 3869 910 3944 hensionem
939 3869 1034 3944 haud
1072 3871 1244 3944 immerito
1276 3869 1363 3944 mihi
1400 3868 1650 3944 contraherem.
1701 3868 1830 3969 longe
1866 3868 1975 3968 igitur
2008 3895 2030 3944 a
2063 3893 2122 3945 me
2152 3867 2245 3944 absit

706 3981 806 4064 'tanta
835 3989 997 4064 audacial
1037 3990 1117 4064 Hoc
1143 4014 1255 4065 unum
1278 3989 1313 4064 in
1340 3989 1496 4063 medium
1524 3987 1675 4087 proferro
1698 3989 1815 4078 iuvat,
1841 3989 1937 4087 quod
1961 4014 2007 4065 ne
2028 3987 2241 4088 imperitissi-

711 4134 807 4186 mum
841 4109 985 4208 quidem
1016 4111 1138 4187 harum
1168 4135 1286 4186 rerum
1313 4109 1436 4208 lugere
1464 4109 1591 4209 potuit.
1651 4108 1775 4197 Novo,
1801 4116 1841 4182 ut
1867 4109 2019 4198 videtur,
2044 4109 2164 4183 ardore
2186 4105 2242 4181 his

711 4230 836 4304 nostris
872 4231 997 4306 diebus
1031 4232 1276 4331 meteorologia
1309 4230 1498 4318 excolitur,
1534 4252 1624 4327 quae
1661 4227 1756 4327 leges
1791 4229 1954 4328 indagat,
1993 4228 2123 4327 quibus
2158 4225 2243 4301 cccli

712 4356 900 4445 tempestas
930 4357 1092 4446 regatur,
1125 4361 1229 4448 atque
1264 4350 1370 4424 huius
1404 4350 1615 4425 mutationes
1644 4350 1829 4448 praesagit.
1879 4350 1922 4422 In
1952 4373 2023 4424 una
2048 4348 2111 4422 hec
2139 4345 2242 4420 disci·

711 4467 807 4568 plina
838 4475 982 4542 naturae
1017 4468 1124 4543 studii
1158 4493 1355 4568 expressam
1387 4469 1488 4568 quasi
1520 4468 1712 4568 imaginem
1751 4469 1920 4544 videmus.
1970 4469 2048 4568 ligo
2073 4466 2166 4541 enim
2193 4465 2243 4538 sic

712 4611 851 4663 mecum
888 4595 1031 4687 reputo:
1070 4587 1132 4686 qui
1166 4587 1249 4662 talia
1284 4589 1486 4687 explorant,
1522 4588 1669 4667 firmiter
1701 4588 1744 4662 iis
1773 4613 1977 4689 persuasum
2008 4612 2084 4664 esse
2116 4586 2241 4675 debat,

714 4707 831 4784 omnis
859 4707 895 4782 in
925 4732 1042 4783 rerum
1073 4717 1197 4782 natura
1226 4709 1275 4782 ita
1307 4708 1398 4783 inter
1425 4733 1463 4782 se
1484 4715 1565 4807 apta
1587 4732 1663 4782 asse
1685 4717 1721 4784 et
1741 4710 1939 4800 cohaerere,
1965 4718 2006 4785 ut
2030 4708 2146 4784 ubivis
2170 4717 2243 4783 tam

712 4831 749 4904 in
783 4829 847 4904 hoc
878 4835 1046 4906 terrarum
1078 4829 1180 4919 orbe,
1213 4855 1319 4929 qnam
1348 4829 1385 4906 in
1411 4831 1585 4906 coelorum
1609 4832 1731 4932 spatiis
1753 4833 1954 4919 immensis,
1984 4831 2019 4906 in
2040 4830 2148 4906 rebus
2170 4837 2241 4906 tam
