4967 6175
963 695 1244 766 onhr10.
1821 698 1866 769 ab

335 928 373 979 re
403 902 604 1003 gravissima
632 901 864 978 temeritatem
892 902 1037 1001 probare
1068 903 1123 979 vel
1144 904 1397 983 commendare.
1446 906 1701 1007 Inquirendnm
1726 914 1799 997 est,
1824 915 1861 983 et

337 1046 474 1100 summa
499 1020 642 1121 quidem
667 1020 867 1123 diligentia,
890 1022 928 1096 in
951 1022 1139 1113 icetmum,
1164 1046 1255 1123 quae
1280 1033 1416 1127 pmeter
1438 1051 1624 1103 causarum
1646 1026 1858 1103 naturalium

335 1164 465 1217 nexum
498 1141 613 1217 locum
644 1142 809 1218 habuisse
839 1141 1025 1232 dicuntur,
1058 1142 1346 1221 testificationem.
1405 1146 1684 1244 Expendendum
1718 1155 1789 1235 est,
1813 1171 1859 1222 an

336 1268 435 1337 tanta
458 1259 542 1337 haec
565 1262 632 1352 sit,
656 1268 698 1337 ut
721 1262 758 1337 in
781 1262 1018 1338 Iareiihtamm
1044 1262 1186 1338 historia
1208 1270 1246 1337 et
1269 1262 1320 1337 rai
1342 1262 1560 1339 Christianae
1584 1264 1780 1363 primordiis
1796 1291 1859 1366 pro

335 1404 414 1455 vero
443 1389 629 1480 agnoscere
655 1381 775 1472 liceat,
808 1382 903 1481 quod
926 1382 991 1457 ubi
1018 1382 1164 1459 aliarum
1189 1383 1349 1482 gentium
1373 1383 1618 1459 traditionibus
1641 1384 1860 1459 contineatur

336 1500 454 1576 stetim
486 1500 625 1577 reiicera
654 1501 816 1578 solemus.
873 1504 979 1579 Nune
1012 1505 1173 1605 demum,
1206 1503 1302 1601 quod
1327 1502 1435 1602 probe
1458 1502 1759 1592 animadvertatis,
1786 1505 1860 1580 sine

333 1620 386 1695 ira
418 1628 454 1694 et
485 1620 601 1695 studio
626 1620 827 1696 huiusmodi
853 1622 1110 1721 disquisitiones
1133 1624 1272 1697 institui
1293 1629 1450 1723 possunt.
1499 1621 1676 1714 Quamdiu
1697 1646 1719 1697 e
1743 1623 1858 1722 prodi·

335 1738 404 1839 giis
436 1739 688 1839 cuiuscumque
719 1741 860 1816 undem
882 1742 1018 1841 generis
1043 1765 1212 1841 suspensa
1238 1742 1489 1841 *creditur
1511 1740 1687 1840 religionis
1712 1740 1859 1817 Christi·
1912 1758 1923 1765 ⁴·

335 1882 422 1933 anae
451 1858 662 1957 praestantia
693 1859 829 1948 divina,
862 1884 965 1935 nemo
994 1886 1025 1949 a,
1048 1859 1291 1960 praeiudicatis
1326 1860 1548 1960 opinionibus
1577 1861 1665 1936 adeo
1694 1860 1862 1936 immunis

334 1986 407 2065 est,
431 1983 472 2051 ιιι
497 1976 583 2076 quid
606 1976 738 2052 lactum
764 1978 809 2053 sit
834 1979 969 2079 integro
990 1978 1120 2055 indicio
1146 1979 1322 2079 explorare
1341 1980 1461 2079 possit.
1510 1980 1624 2055 Nobis
1645 1980 1729 2055 haec
1748 1980 1859 2080 impe-

252 2176 256 2185 ,
336 2096 491 2172 dimonte
522 2121 592 2173 non
624 2095 774 2173 obstant.
832 2099 890 2173 Ab
924 2098 1104 2175 historicae
1136 2098 1344 2197 cognitionis
1377 2082 1508 2173 eventu
1533 2123 1597 2175 nec
1620 2100 1708 2174 fides
1731 2101 1861 2199 pendet

335 2239 399 2291 nec
419 2216 550 2316 religio.
599 2216 693 2307 Quid
717 2216 747 2291 si
770 2218 991 2307 exoriuntur,
1017 2219 1079 2318 qui
1108 2242 1283 2318 nusquam
1303 2218 1341 2292 in
1364 2217 1571 2293 testimoniis
1591 2218 1762 2295 historicis
1783 2230 1859 2295 tan·

333 2344 405 2413 tam
431 2336 499 2411 sibi
524 2336 678 2411 invenire
703 2336 884 2414 videantur
905 2339 1170 2427 certitudinem,
1195 2346 1328 2437 quanta
1348 2338 1544 2438 requiratur
1563 2338 1609 2413 ad
1628 2340 1735 2415 fidem
1757 2341 1859 2416 mira-

335 2456 423 2532 culis
455 2456 730 2533 conciliandaml’
787 2459 1088 2549 Quemadmodum
1115 2458 1167 2533 illi
1193 2483 1235 2533 ea
1259 2456 1457 2547 benefacta,
1483 2458 1664 2558 quaesibi
1690 2483 1734 2533 ex
1759 2470 1862 2535 natu·

333 2601 391 2653 rae
417 2576 554 2678 legibus
580 2576 789 2677 obtingunt,
814 2580 890 2653 Deo
908 2587 1048 2678 accepta
1067 2578 1241 2667 referunt,
1266 2578 1316 2653 sio
1338 2578 1376 2652 in
1402 2601 1485 2654 rnen
1507 2600 1664 2653 cnursrc
1688 2602 1863 2655 summam

333 2704 523 2796 agnoscent
548 2696 619 2773 Dei
643 2704 862 2798 φανέρωσιν
886 2708 922 2773 et
944 2700 982 2774 in
1004 2698 1169 2798 religione
1196 2697 1394 2773 Christiana
1418 2698 1612 2774 marimum
1633 2698 1734 2773 Illius
1756 2698 1862 2773 bene·

332 2817 475 2905 ficium,
500 2816 638 2890 etiamsi
660 2840 835 2915 nusquam
860 2816 1053 2916 interrupta
1077 2818 1123 2890 sit
1150 2840 1332 2891 musarum
1353 2816 1579 2893 continuatio.
1628 2819 1732 2892 Pater
1751 2818 1861 2892 coale-

334 2936 399 3011 stis
421 2941 493 3025 ast,
518 2936 581 3033 qui
603 2933 687 3009 iacit
707 2943 747 3009 ut
769 2938 821 3009 sol
841 2936 1015 3011 enodatur
1038 2960 1141 3033 super
1163 2935 1275 3009 bonos
1296 2942 1332 3009 at
1351 2935 1480 3025 malos,
1505 2959 1719 3034 quamquam
1738 2936 1788 3011 sio
1804 2959 1862 3010 co·

331 3053 451 3130 haeret
474 3061 625 3152 systema
649 3052 776 3141 solare,
803 3060 843 3126 ut
865 3051 910 3127 de
931 3054 1008 3128 Deo
1030 3052 1280 3128 interveniente
1305 3076 1409 3127 nemo
1428 3054 1568 3154 cogitet.

382 3174 437 3249 De
475 3171 592 3247 divina
621 3171 730 3271 igitur
751 3171 928 3271 religionis
952 3171 1169 3248 Christianae
1193 3171 1326 3271 origine
1349 3171 1444 3247 idem
1470 3173 1561 3247 valet
1585 3174 1681 3272 quod
1703 3173 1747 3249 de
1775 3172 1861 3273 dog·

335 3291 462 3368 metica
483 3291 628 3391 antiqua
651 3291 820 3368 universe.
872 3291 1232 3392 Supranatnralismo,
1257 3291 1354 3390 quod
1377 3292 1528 3391 ingenue
1550 3291 1679 3382 fateor,
1701 3293 1861 3392 opposita

336 3420 390 3487 est
420 3418 514 3486 aetas
549 3417 668 3487 nostra
697 3435 857 3511 quaeque
890 3412 974 3488 inde
1002 3411 1130 3511 prodiit
1159 3411 1334 3510 theologia
1360 3411 1539 3486 recentior.
1590 3413 1764 3490 Quemsi
1789 3437 1860 3488 non

338 3531 513 3621 admittit,
546 3530 611 3606 hoc
644 3555 714 3606 nou
742 3532 825 3607 inde
857 3532 1100 3633 explicandum
1131 3539 1203 3624 est,
1237 3531 1333 3630 quod
1356 3531 1558 3630 religionem
1579 3529 1691 3630 ipsam
1715 3532 1860 3606 minoris

335 3651 457 3742 beist,
492 3651 554 3728 sed
577 3651 628 3727 ita
653 3652 770 3752 potius
799 3662 859 3742 nt,
895 3661 931 3728 et
955 3651 1195 3727 historicorum
1218 3660 1255 3726 et
1276 3650 1497 3751 physicorum
1520 3651 1672 3727 inventis
1693 3652 1739 3726 ad
1764 3651 1861 3726 theo·

335 3769 463 3870 logiam
499 3770 684 3860 adhibitis,
720 3771 825 3847 aliam
860 3771 927 3846 sibi
962 3771 1195 3846 informaverit
1228 3772 1405 3846 notionem
1441 3771 1510 3845 Dei
1540 3779 1577 3846 et
1602 3771 1746 3846 rationis
1769 3795 1860 3870 quae

333 3889 424 3965 inter
451 3891 545 3966 Eum
576 3897 612 3965 et
636 3890 808 3966 mundum
832 3891 977 3968 obtinet.
1021 3891 1126 3966 Haec
1147 3896 1266 3966 autem
1285 3897 1424 3965 tantum
1448 3890 1568 3980 abest,
1594 3897 1636 3966 ut
1655 3891 1858 3990 religionem

337 4010 499 4086 excludat
528 4009 602 4085 eive
633 4009 843 4111 refragetur,
877 4019 917 4086 ut
954 4011 1083 4110 singuli
1111 4035 1261 4110 quorum
1281 4009 1390 4086 animi
1416 4009 1538 4111 pietati
1562 4009 1705 4086 student
1725 4011 1762 4086 in
1785 4009 1857 4086 vita

338 4129 540 4228 quotidiana
576 4129 735 4205 eamdem
772 4131 948 4206 notionem
983 4139 1190 4231 sequantur,
1228 4129 1364 4228 quoties
1397 4129 1474 4204 Deo
1507 4128 1667 4204 tribuunt
1703 4129 1855 4218 auctori,

337 4273 429 4348 quae
456 4272 500 4323 ex
522 4251 634 4326 causis
656 4251 873 4329 naturalibus
899 4250 1102 4350 explicanda
1126 4273 1202 4325 esse
1224 4249 1333 4348 probe
1357 4257 1487 4323 norunt
1507 4257 1570 4323 aut
1591 4235 1760 4323 admoniti
1784 4257 1854 4324 sta-

336 4367 401 4444 tim
438 4369 637 4470 largientur.
688 4371 758 4445 Sed
789 4396 859 4470 quo
893 4371 1018 4446 melius
1046 4377 1229 4469 appareat,
1254 4368 1340 4468 quid
1362 4367 1453 4444 inter
1476 4375 1659 4467 utramque
1683 4365 1857 4444 sentiendi

337 4488 506 4564 rationem
539 4489 695 4581 intersit,
726 4516 838 4567 unum
868 4489 989 4568 afferre
1015 4489 1111 4564 iuvat
1133 4489 1342 4588 exemplum.
1399 4489 1443 4562 In
1465 4488 1659 4589 primaevae
1683 4489 1857 4565 Ecclesiae

338 4607 555 4686 Christianae
582 4608 725 4686 historia
753 4611 926 4710 quantivis
957 4609 1124 4686 momenti
1149 4633 1225 4686 esse
1247 4631 1359 4685 sanus
1382 4607 1429 4683 ad
1453 4631 1641 4685 onamrnur
1664 4608 1856 4684 conversio·

335 4751 418 4803 nem
446 4728 538 4804 inter
565 4753 685 4805 omnes
709 4738 862 4806 constat:
885 4729 1059 4805 beneficae
1083 4729 1150 4803 Dei
1170 4752 1292 4817 curae,
1317 4749 1407 4827 quae
1432 4727 1647 4804 Christianos
1669 4749 1854 4827 preceque

338 4847 456 4940 batur,
480 4848 730 4927 documentum
752 4849 963 4927 luculentius
981 4855 1094 4925 exstat
1112 4849 1261 4926 nahum.
1310 4846 1442 4938 Quodsi
1461 4847 1655 4946 quaeritur,
1679 4843 1854 4945 quomodo

1658 4968 1685 5039 4
