4967 6175
705 581 771 649 tlt
1001 583 1006 598 “
1209 577 1429 646 lnntctt
1462 575 1729 652 onntnurn

703 789 873 878 mum,
897 787 994 864 etro
1014 788 1140 864 reim
1175 784 1291 867 ΨΜ
1312 785 1417 876 noct,
1441 785 1496 862 ola
1518 786 1575 864 die
1597 785 1831 864 oolllcoruaene
1853 789 1924 865 ond
1949 813 1995 864 arr
2016 789 2092 867 ost
2118 791 2225 874 roche

704 909 881 1008 nerepon,
907 908 991 982 aber
1013 909 1127 982 aanor
1153 907 1389 1007 Brochoinonp
1412 905 1522 995 noct,
1544 906 1627 982 root
1646 907 1716 1000 oq(
1733 907 1796 982 dor
1820 908 2110 1008 Auscrotedorpl’
2142 909 2226 996 lau·

704 1025 820 1104 danda
847 1025 991 1126 quidem
1024 1025 1174 1102 scomma
1205 1032 1261 1102 eat
1291 1025 1481 1116 industria,
1514 1024 1690 1105 laudanda
1726 1024 1901 1104 succincto
1932 1028 2226 1110 commentationis

704 1145 875 1238 breviter,
911 1171 976 1224 neo
1010 1146 1169 1224 universe
1200 1146 1454 1224 contemnenda
1486 1145 1650 1226 latinitas.
1713 1145 1783 1221 Sed
1814 1170 1836 1223 a
1868 1155 1995 1224 conam
2030 1148 2146 1249 magia
2175 1150 2227 1228 illa

703 1267 934 1368 praedicanda
953 1267 1145 1358 industria,
1171 1291 1278 1367 quam
1302 1291 1323 1342 a
1343 1291 1525 1344 aucoemua
1547 1267 1722 1344 felicitate.
1760 1265 1888 1365 Neque
1905 1267 2000 1346 enim
2021 1270 2227 1368 quaestionis

700 1388 898 1489 propositae
927 1391 1129 1465 semaam
1167 1412 1207 1462 ac
1238 1389 1414 1464 concilim
1450 1396 1542 1464 recte
1573 1387 1748 1487 percepit,
1782 1409 1916 1486 neque,
1949 1389 2003 1464 uti
2036 1414 2103 1490 par
2138 1401 2226 1482 erat,

702 1507 1015 1600 nccesdtudinem,
1048 1533 1138 1609 quae
1171 1507 1304 1584 Christi
1337 1508 1431 1584 dicta
1464 1507 1555 1589 inter
1578 1514 1616 1586 et
1640 1506 1732 1586 iacta
1756 1505 1959 1598 intercedit,
1991 1518 2152 1590 arcuato
2173 1535 2227 1593 etv

703 1628 829 1731 posuit.
880 1631 936 1706 Dc
968 1653 1051 1707 narn
1080 1629 1256 1706 miraculis
1287 1638 1393 1729 atque
1421 1627 1564 1729 insuper
1588 1627 1633 1704 de
1656 1626 1733 1704 eiua
1761 1625 1799 1702 in
1824 1628 1930 1707 vitam
1953 1629 2070 1709 reditu
2097 1631 2228 1732 poliaci·

703 1771 802 1824 mum
833 1757 954 1826 auctor
989 1750 1072 1852 agit.
1123 1749 1302 1826 Nonnullc
1334 1772 1484 1825 carram
1506 1748 1560 1826 uti
1581 1758 1618 1826 et
1645 1746 1893 1848 Apostolorum
1916 1749 2009 1827 dicta
2029 1749 2136 1826 effert
2154 1751 2227 1852 qui·

704 1869 805 1959 dem,
839 1870 983 1947 minime
1004 1894 1083 1947 vero
1105 1895 1145 1946 ea
1165 1871 1231 1946 rite
1258 1871 1523 1970 interpretetur,
1556 1891 1671 1968 neque
1694 1868 2007 1964 necessitudinem,
2033 1893 2127 1969 quae
2152 1896 2228 1953 nean

704 1991 796 2070 diota
832 1991 922 2072 inter
957 2001 995 2068 ct
1025 1992 1117 2068 iacta
1146 1991 1348 2079 intercedit,
1384 1990 1479 2089 qnod
1512 1989 1569 2066 hic
1601 1988 1753 2064 maxime
1783 1989 2041 2088 requirebatur,
2069 1995 2229 2093 coemptio

703 2135 747 2186 cc
768 2113 973 2212 Erronpelir'e
993 2113 1112 2190 allatio
1132 2121 1170 2188 ct
1188 2113 1328 2212 petite
1351 2109 1524 2184 illmtrare
1550 2115 1695 2186 conatus
1718 2115 1782 2186 cat

752 2231 868 2307 Multa
882 2238 1080 2332 ponuntur,
1104 2230 1313 2332 paucissima
1333 2228 1534 2330 probentur.
1567 2229 1685 2306 Multa
1699 2229 2089 2330 qmqasadmisceatur
2104 2230 2227 2322 aliena,

703 2375 767 2426 nec
798 2351 843 2426 cd
877 2375 951 2428 rem
979 2352 1198 2453 pertinentia.
1247 2349 1403 2426 Icctorm
1431 2373 1553 2448 spem,
1586 2347 1659 2426 iore
1688 2357 1730 2426 ut
1759 2349 1938 2428 subtiliore
1961 2359 2001 2428 et
2021 2352 2227 2432 accuratiore

702 2471 992 2572 Euangelicernm
1022 2472 1259 2548 narrationum
1291 2467 1533 2568 disquiriticne
1555 2467 1593 2542 in
1616 2468 1727 2568 ipsam
1756 2468 1993 2570 quaestionem
2014 2495 2051 2546 se
2075 2470 2228 2547 insinuet

700 2599 836 2682 auctor,
870 2591 997 2668 iterum
1021 2593 1218 2694 iterumque
1245 2589 1358 2665 eludit
1379 2588 1646 2689 disputationis,
1679 2612 1770 2690 qnae
1795 2588 1833 2663 in
1859 2613 1976 2668 rerum
1998 2591 2125 2667 cortice
2150 2592 2226 2667 hae·

700 2719 772 2800 ret,
808 2709 939 2788 levitas.
990 2713 1114 2792 Quum
1150 2713 1261 2814 igitur
1291 2708 1504 2810 quaestionis
1532 2709 1709 2788 cardinem
1743 2708 1913 2788 intactum
1943 2709 2136 2810 relinquat,
2166 2735 2227 2796 noc

699 2855 720 2906 a
750 2829 929 2908 dialectice
955 2857 1018 2908 nec
1042 2832 1088 2908 ab
1109 2831 1288 2932 exegetica
1309 2854 1373 2906 nec
1397 2853 1420 2904 a
1445 2828 1641 2929 dogmatice
1666 2829 1830 2908 facultate
1856 2832 2120 2912 commendetur
2146 2833 2227 2912 hara

697 2949 911 3048 disputatio,
936 2953 1090 3051 praemio
1118 2949 1233 3027 omcri
1255 2973 1325 3027 non
1350 2955 1476 3048 potest.

955 3442 1192 3519 lunlclnnt
1219 3442 1424 3517 onnlnls
1448 3439 1960 3517 lnnlsoonannnonurn.

749 3665 846 3741 Ordo
871 3666 1024 3741 ictorum
1050 3665 1094 3741 ad
1120 3666 1359 3765 quaestionem
1384 3691 1404 3742 e
1428 3667 1503 3743 iure
1526 3666 1667 3768 publico
1691 3666 1920 3767 propositams

798 3787 1002 3888 Bupcnator
1025 3787 1119 3885 oripo
1145 3785 1230 3860 iuria
1254 3786 1499 3886 dispensandi,
1533 3791 1625 3890 qood
1644 3796 1779 3876 cocant,
1811 3790 1883 3861 rice
1903 3786 2033 3885 lepiboo
2053 3787 2222 3874 solvendi,

845 3907 946 4007 quale
976 3914 1123 4005 tempore
1158 3906 1380 4005 Reipublicae
1413 3910 1451 3982 ic
1479 3911 1600 4007 patria
1633 3914 1749 3982 nostra
1784 3908 1936 3982 rostitit:
1969 3912 2125 3980 notentur
2152 3907 2223 3980 eiua

847 4050 927 4101 oeus
949 4035 984 4102 et
1007 4028 1152 4141 poturo:
1186 4028 1267 4104 deiru
1293 4029 1397 4116 lario,
1431 4030 1523 4131 quod
1543 4028 1642 4115 lodie
1668 4052 1711 4103 eu
1733 4026 1826 4129 depe
1849 4026 2112 4136 dundomentali
2134 4025 2223 4123 Repi

849 4150 1019 4243 competit,
1052 4147 1199 4221 ambitur
1231 4154 1269 4221 et
1283 4151 1379 4245 fines
1406 4156 1563 4223 accurate
1589 4148 1799 4233 indicentur,
1824 4143 1943 4219 allatio
1968 4169 2144 4220 causarum
2169 4168 2220 4219 re·

847 4266 1049 4350 certiorem,
1074 4265 1118 4337 at
1143 4288 1231 4337 anno
1254 4267 1335 4341 inde
1360 4266 1476 4355 1815,
1501 4268 1670 4342 nonnullae
1694 4265 1872 4363 comptior

701 4380 834 4457 nullasu
858 4379 1116 4480 responsionem
1138 4382 1283 4481 accepit.

749 4500 807 4577 ild
830 4500 973 4577 altem
996 4500 1254 4600 quaestionem:

800 4622 1004 4720 nepotatur
1039 4621 1130 4695 locu
1158 4624 1201 4696 de
1231 4645 1335 4708 rouro
1365 4624 1402 4695 io
1434 4625 1723 4713 conventionibus,
1755 4650 1799 4701 ec·
1811 4626 2007 4724 preceptis
2032 4631 2100 4699 tom
2126 4621 2220 4696 Ion'e

848 4742 1017 4831 Romani,
1041 4750 1109 4825 tm
1133 4740 1233 4819 Iurr'e
1256 4742 1447 4818 Hcoicrrri:
