4967 6175
663 771 666 777 .
802 687 995 750 scarus
1029 685 1358 754 nncrronnn.

812 915 1026 989 IOANNES
1054 915 1151 987 VAN
1179 915 1339 988 GEUNS

314 1135 474 1238 privatim
507 1133 746 1230 Pctdoloyiam
770 1133 962 1228 yenerclem
994 1139 1030 1202 et
1057 1135 1269 1204 Ametomiam
1284 1133 1534 1230 petioloyicam
1554 1132 1747 1230 voemerrrlem
1772 1130 1833 1206 de·

557 1250 650 1326 oebit
679 1249 735 1322 die
763 1249 905 1335 Lunae,
939 1249 1032 1322 horis
1055 1248 1215 1322 X—XlI
1239 1257 1275 1322 et
1296 1249 1420 1324 diebus
1443 1252 1568 1325 Martis
1590 1261 1625 1324 et
1648 1249 1833 1339 Mercurii,

511 1368 719 1564 Miibrirujim'
735 1491 833 1586 myrra
858 1489 1045 1584 imdnyamdi
1065 1457 1250 1560 methodum
1275 1497 1442 1586 exponet,
1470 1513 1540 1562 una
1560 1511 1642 1562 curn
1668 1487 1832 1562 exercita·

557 1607 711 1682 tionibus
737 1605 886 1694 clinieis,
914 1604 1037 1679 diebus
1062 1606 1206 1694 Martis,
1232 1606 1325 1680 Iovis
1346 1617 1382 1680 et
1412 1608 1572 1697 Saturni,
1599 1607 1684 1682 bora
1707 1606 1764 1680 XI
1771 1639 1782 1695 ς

508 1731 718 1803 Medicinam
740 1729 917 1822 sorensem
949 1732 985 1798 et
1014 1725 1176 1798 Potitium
1201 1728 1360 1800 medicam
1386 1726 1499 1801 tradet
1522 1727 1576 1800 bis
1598 1727 1719 1825 quavis
1746 1725 1831 1801 heb·

558 1846 716 1921 domade.

465 2083 715 2160 GUSTAVUS
740 2081 1002 2156 EDUARDUS
1030 2081 1302 2155 VOORHELM
1328 2083 1686 2157 SGHNEEVOOGT

317 2322 475 2424 privatim
507 2320 850 2418 Nemopaticleyiam
883 2316 1019 2391 docebit
1051 2327 1085 2390 et
1118 2318 1162 2390 ad
1193 2318 1336 2392 lectulos
1368 2321 1626 2419 aegrotantium
1661 2328 1830 2418 exponet,

558 2439 615 2512 die
639 2437 800 2524 Saturni,
827 2437 909 2510 born
935 2435 1077 2524 XI-13

508 2561 688 2634 Elementa
702 2558 942 2655 pryebintriae
965 2563 1114 2654 exponet
1137 2555 1222 2630 bora
1246 2556 1326 2630 dein
1351 2557 1546 2632 indicenda.

811 2791 1063 2865 ADRIANUS
1088 2793 1332 2868 HEYNSIUS

511 3033 761 3133 Piyeioloyiam
795 3029 951 3119 donabit,
986 3030 1111 3105 diebus
1145 3033 1328 3120 Mercurii,
1365 3031 1477 3120 Iovis,
1515 3032 1662 3108 Veneris
1696 3040 1732 3108 et
1769 3034 1830 3109 Sa·

556 3151 672 3239 turni,
698 3150 781 3223 hora
805 3148 881 3237 x1;

511 3272 773 3369 Hmtioloyiam,
799 3268 923 3344 diebus
948 3268 1059 3358 loris,
1085 3270 1230 3345 Veneris
1254 3282 1290 3345 et
1314 3274 1477 3359 Saturni,
1502 3272 1586 3346 bora
1609 3272 1660 3359 x;

508 3387 841 3465 Excercitationibus
863 3388 1105 3487 bistiologicis,
1130 3391 1374 3489 experimentis
1393 3399 1429 3466 et
1444 3390 1726 3489 indagationibus
1744 3390 1829 3488 phy-

558 3507 728 3607 siologicis
752 3507 788 3581 in
813 3506 1036 3582 laboratorio
1061 3509 1294 3608 physiologice
1317 3509 1473 3609 quotidie
1496 3508 1653 3608 praeerit.

714 3744 936 3821 OAROLUS
962 3746 1177 3821 IOANNES
1203 3748 1433 3823 Mutunus

316 3992 477 4095 privatim
508 3984 646 4061 docebit
672 3984 932 4058 Plamimetricrm
954 3992 988 4056 et
1015 3985 1311 4083 hyomometrium
1334 3988 1563 4073 rectilineum,
1589 3984 1713 4060 diebus
1735 3986 1830 4059 Mar·

558 4105 623 4191 tis,
650 4103 833 4190 Mercurii,
858 4102 951 4177 Iovis
973 4111 1009 4177 et
1031 4102 1195 4193 Veneris,
1222 4107 1305 4181 bora
1328 4106 1403 4194 IX;

513 4226 693 4323 Pbyeienm
728 4226 965 4321 eaperimemtie
989 4226 1212 4315 illustratam,
1238 4226 1364 4301 iisdem
1389 4225 1529 4313 diebus,
1554 4224 1639 4299 hora
1659 4222 1735 4312 XI,

513 4344 804 4429 dtereometriam,
839 4341 971 4416 inclusa
1005 4344 1270 4442 Mrymmetma
1304 4348 1501 4445 aphaeriea,
1538 4345 1575 4417 in
1608 4342 1831 4418 commodum

561 4461 757 4537 Medicinae
786 4468 821 4534 et
855 4461 1048 4536 Litererum
1082 4465 1338 4555 studiosorum,
1368 4465 1493 4540 diebus
1516 4463 1609 4539 Iovis
1630 4471 1665 4536 et
1686 4460 1832 4536 Veneris

561 4584 643 4657 bora
668 4580 867 4655 meridiana.

513 4703 758 4777 Astronomiam
788 4701 1006 4797 popularem,
1052 4726 1141 4799 quae
1181 4703 1328 4793 dicitnr,
1371 4704 1464 4779 horis
1498 4726 1580 4777 cum
1616 4699 1833 4777 auditoribus

560 4816 819 4896 constituendis.
1451 4839 1456 4847 ·
1793 4830 1799 4855 ’

1615 4942 1664 5016 26
