4967 6175
692 641 757 708 112
1188 631 1409 698 luurcrr
1442 629 1708 698 (tuoruum.

691 841 880 946 exspectari
900 844 1069 940 poterant.
1103 839 1206 918 Quae
1226 837 1385 937 quamvis
1404 839 1454 914 ita
1467 839 1553 926 sint,
1574 860 1685 936 quum
1706 835 1743 909 in
1767 831 1872 932 priori
1893 855 2003 932 eaque
2025 832 2208 932 praecipua

692 957 991 1040 commentationis
1016 965 1114 1059 parte
1143 979 1216 1034 non
1240 965 1379 1033 tantum
1404 957 1614 1059 singularem
1638 953 1813 1032 doetrinae
1837 953 2082 1052 praestantiam
2103 962 2209 1050 atque

692 1078 871 1158 iudicandi
889 1077 1074 1156 sollertiam
1085 1134 1095 1167 ,
1115 1077 1177 1153 sed
1189 1074 1352 1152 eximiam
1363 1074 1469 1150 etiam
1482 1071 1673 1174 indagandi
1685 1067 1845 1172 peritiam
1859 1069 2000 1146 abunde
2016 1069 2210 1170 probaverit

692 1207 829 1288 auctor,
853 1222 958 1276 aureo
979 1198 1132 1299 praemio
1156 1197 1273 1297 ipsum
1293 1193 1488 1271 ornandum
1508 1218 1584 1269 sese
1604 1190 1702 1266 Ordo
1724 1188 1943 1265 Medicorum
1966 1189 2126 1267 decmrit

744 1318 885 1396 Seidula
907 1326 1045 1419 aperta,
1070 1340 1199 1393 nomen
1223 1312 1352 1412 prodiit

1200 1434 1290 1501 IAN!
1310 1433 1521 1501 Grumum
1542 1431 1705 1510 SCHUIT,

1003 1549 1038 1614 ia
1061 1545 1231 1616 Academia
1252 1543 1545 1633 hetaeum
1564 1539 1740 1612 Medicinae
1759 1540 1907 1610 Studio&-

1363 1779 1550 1794 m

767 1923 1002 2043 ronroruru
1027 1965 1231 2042 onorius
1256 1963 1647 2040 orscrenrureuu
1670 1961 2144 2040 Mannouorroaeuu
2222 2073 2229 2084 ῃ

1247 2086 1309 2160 nu
1332 2083 1665 2159 rursrorauu.

748 2269 844 2344 Ordo
867 2267 1138 2368 Disciplinarum
1162 2265 1489 2344 Mathematiearum
1512 2273 1549 2339 et
1573 2264 1797 2363 Phyeioarum
1822 2265 1869 2340 ad
1893 2266 2146 2363 quaestionem:

804 2391 929 2465 Oritioe
952 2395 1158 2487 seponatur,
1183 2390 1269 2487 queit
1283 2388 1476 2462 innotuerit
1498 2387 1541 2460 de
1564 2376 1797 2461 chaeream
1820 2387 2024 2483 otlotropic:

699 2514 848 2606 quatuor
870 2507 1001 2606 accepit
1024 2506 1352 2594 commentationes,
1376 2497 1498 2580 omnes
1524 2529 1680 2581 sermone
1703 2505 1886 2584 vernaculo
1908 2506 2129 2607 eonmriptas.

749 2627 889 2714 Prima,
926 2626 1026 2700 euius
1064 2625 1260 2724 symbolum
1297 2632 1370 2699 eet:
1410 2625 1495 2698 euti
1527 2624 1647 2700 derum
1676 2626 1783 2712 circe,
1816 2631 1928 2699 tomen
1964 2634 2016 2702 eat
2047 2628 2221 2701 trudam

700 2742 897 2831 volantae,''
922 2742 966 2817 de
994 2740 1114 2842 paucis
1140 2749 1279 2818 tentum
1302 2741 1482 2816 elementis
1505 2765 1699 2817 sermonem
1721 2741 1823 2832 fecit,
1850 2753 1886 2818 et
1907 2743 2024 2843 ipsum
2049 2747 2221 2844 quaestio·

701 2863 756 2937 nis
774 2869 1023 2960 argumentum
1048 2884 1119 2935 non
1140 2861 1208 2936 nisi
1228 2861 1354 2936 leviore
1375 2861 1465 2959 pede
1486 2861 1612 2960 tetigit.

753 2983 926 3067 Secundo,
958 2979 1122 3055 distincta
1148 3003 1320 3054 snaaaarr
1350 2977 1482 3052 verbis:
1510 2979 1720 3055 nVielleictt
1740 2983 1789 3054 iat
1808 2983 1882 3055 dier
1902 2984 1978 3056 eree
1998 2984 2223 3082 Eipentte'tnr·

702 3098 841 3175 lietkeit
872 3099 962 3172 aller
996 3100 1233 3194 Gruadrtoffe,
1264 3099 1417 3171 reimootl
1439 3100 1490 3171 se'e
1521 3098 1573 3171 ris
1594 3100 1688 3194 jetrt
1712 3107 1783 3174 eret
1805 3101 1859 3174 rer
1881 3102 1977 3173 einer
1998 3126 2064 3174 nur
2086 3104 2224 3179 kleineu

704 3218 839 3292 Aneatl
865 3217 1037 3291 dereeltec
1069 3216 1353 3315 reatrpcnomnren
1382 3217 1475 3304 ut?
1511 3216 1681 3313 quaedam
1706 3217 1848 3316 quidem
1871 3217 1982 3293 bonae
2005 3218 2115 3319 tugis
2138 3245 2224 3296 oon·

703 3336 811 3423 tinet,
841 3342 878 3409 et
910 3333 1078 3433 superiori
1105 3334 1280 3411 antecellit
1315 3334 1446 3410 fusiore
1474 3336 1672 3435 argumenti
1703 3336 1935 3436 expositione,
1965 3338 2028 3413 sed
2052 3362 2095 3412 eo
2116 3338 2221 3415 etiam
2268 3348 2273 3360 '
2320 3346 2324 3354 “

704 3464 843 3557 peccat,
876 3454 970 3553 quod
1000 3454 1044 3529 de
1072 3455 1232 3554 pauciore
1257 3463 1395 3530 tantum
1420 3455 1669 3530 elementorum
1692 3479 1839 3531 nomem
1860 3456 1951 3555 agit,
1975 3464 2012 3531 et
2036 3456 2079 3531 de
2103 3458 2223 3535 anno

706 3577 792 3651 edeo
823 3575 899 3647 fuse
930 3574 966 3647 in
997 3598 1038 3647 ea
1069 3568 1295 3673 disputatum
1319 3584 1393 3663 est,
1419 3583 1460 3649 nt
1483 3574 1548 3649 hoc
1568 3584 1674 3674 caput
1696 3575 1876 3651 dimidiam
1899 3575 2009 3650 totius
2029 3576 2223 3676 scriptionis

706 3704 840 3795 partem
861 3692 1055 3779 contineat,
1080 3693 1248 3791 neglectis
1267 3701 1389 3768 contro
1412 3693 1630 3792 gravioribus
1653 3694 1882 3771 umentiorum
1906 3694 1951 3769 de
1974 3694 2221 3772 elementorum

707 3812 884 3911 allotropia
908 3810 1145 3910 compluribus
1169 3804 1327 3887 inventis.

756 3931 897 4011 Quibus
928 3929 972 4004 de
1002 3930 1115 4005 causis
1139 3929 1198 4004 illa
1220 3956 1384 4030 responsa
1409 3955 1472 4007 neo
1496 3932 1649 4031 praemio
1669 3934 1824 4010 ornanda
1844 3957 1907 4010 nec
1929 3934 2032 4009 laude
2057 3934 2221 4010 condeco-

707 4052 816 4127 rando
839 4075 936 4139 esse,
962 4048 1059 4125 Ordo
1082 4050 1227 4125 censuit.
1291 4122 1297 4129 .
2040 4063 2044 4070 '

760 4172 878 4245 Tertia
906 4176 942 4244 et
971 4179 1098 4269 quarta
1128 4170 1393 4256 commentatio,
1426 4191 1553 4268 magna
1584 4195 1665 4247 cum
1699 4157 1871 4247 industria
1903 4179 1940 4247 et
1969 4196 2052 4247 cura
2076 4173 2221 4247 conscri-

709 4296 809 4387 ptae,
833 4286 1005 4385 insignem
1026 4296 1207 4377 auctorum
1233 4288 1461 4363 eruditionem
1490 4288 1629 4364 abunde
1654 4274 1846 4380 declarant,
1871 4315 2000 4391 eosque
2021 4291 2058 4366 in
2081 4299 2223 4369 naturae

710 4403 866 4481 studium
903 4404 1055 4478 interius
1084 4428 1120 4479 se
1153 4406 1346 4481 insinuasse
1382 4408 1619 4484 testificantur.
1681 4410 1852 4489 Quamvis
1884 4410 1978 4485 haud
2013 4411 2135 4486 eadem
2171 4412 2223 4487 via

710 4523 903 4627 progressi,
939 4530 1084 4621 uterque
1118 4524 1328 4621 quaestionis
1361 4535 1606 4623 argumentum
1641 4530 1779 4629 egregie
1809 4530 2070 4605 consummarit.
2129 4532 2222 4607 Nam

710 4648 791 4723 licet
824 4654 944 4719 auctor
975 4642 1294 4732 commentationis,
1333 4645 1391 4718 cni
1422 4646 1572 4744 praefixa
1607 4657 1690 4722 sunt
1723 4648 1857 4723 verbe-2*
1883 4634 2102 4724 Fcbes’ccado
2119 4653 2223 4746 fatri

703 4770 825 4858 flmue,
858 4770 1101 4865 argumentum
1133 4761 1244 4837 fusius
1276 4764 1551 4864 pertractarent,
1584 4788 1690 4865 quam
1721 4767 1826 4856 alter,
1855 4766 1917 4868 qui
1943 4768 2119 4867 scriptioni
2140 4794 2223 4845 suae
