4967 6175
676 656 720 725 re
1273 660 1313 729 r.
1355 625 1613 727 norrun

670 866 826 967 denique
852 868 1106 943 Cermunorum
1128 866 1302 943 rollonem
1325 866 1364 941 in
1390 864 1498 943 rebus
1522 864 1731 965 degmt'mie
1750 864 1982 967 explicandis,
2005 890 2072 945 uao
2092 872 2211 947 umen

671 995 853 1087 propterea
887 984 1092 1087 rdiqionem
1125 984 1362 1062 Chrmfimam
1398 993 1462 1061 aut
1497 994 1662 1063 natum
1695 1010 1798 1063 auum
1829 994 2005 1074 metue,
2040 992 2105 1063 eut
2139 985 2212 1069 vim

673 1106 830 1183 emisione
861 1106 1066 1183 henefiuerm
1117 1106 1275 1183 lletenua
1308 1131 1393 1207 erge
1427 1106 1517 1183 milri
1548 1105 1764 1194 ooaoedunt,
1795 1105 1835 1182 io
1856 1104 1981 1182 neediie
2004 1104 2211 1206 dogmatum
2309 1188 2312 1191 Α

670 1226 783 1302 ruinis
806 1218 1009 1329 religionem
1026 1226 1240 1304 ineolumem
1263 1248 1468 1326 aupereeao,
1492 1225 1580 1325 quin
1606 1225 1713 1303 etiam
1734 1224 1890 1303 divinam
1913 1224 2008 1303 illiue
2032 1235 2210 1325 pronatu-

668 1347 769 1423 tium¹
792 1348 917 1423 meliue
946 1349 988 1423 in
1016 1346 1096 1423 dien
1127 1372 1149 1423 a
1176 1347 1387 1448 dogmotiois
1411 1346 1609 1447 mpom‘tam
1634 1346 1753 1422 luisse.
1804 1344 1878 1421 Ubi
1901 1369 1982 1423 vero
2000 1346 2051 1423 ed
2072 1356 2211 1423 donno·

673 1469 801 1545 versiae
831 1469 877 1545 ab
906 1468 1075 1544 hodierna
1097 1468 1274 1567 theologia
1300 1475 1414 1542 motae
1438 1466 1535 1541 idem
1561 1466 1756 1566 epplieatm
1779 1464 1970 1557 iudicium.
1993 1465 2122 1545 inlunio
2145 1466 2211 1545 hoo

673 1590 749 1664 lieri
781 1589 884 1664 multi
916 1588 1111 1689 perhibent.
1162 1588 1221 1663 Sin
1244 1586 1632 1663 enim-ratioeiaantur:
1656 1586 1695 1661 in
1714 1610 1848 1685 magna
1870 1585 2076 1686 opinionum
2094 1586 2209 1664 dim·

668 1708 773 1783 eitete
793 1708 870 1808 ipen
893 1708 976 1783 fidei
993 1734 1032 1809 q.
1049 1708 1085 1783 d.
1112 1706 1312 1783 substantio
1335 1731 1532 1807 numquam
1554 1706 1676 1806 periit;
1705 1705 1800 1781 hone
1822 1705 2035 1783 ineolumem
2056 1730 2210 1783 mue·

669 1837 754 1903 runt
785 1835 959 1927 quotquot
989 1852 1102 1927 neque
1134 1827 1180 1903 ed
1212 1827 1308 1903 huno
1334 1827 1428 1921 diem
1455 1824 1646 1901 Christiani
1667 1824 1788 1901 habui
1809 1824 2020 1914 uoluonmt3
2049 1824 2211 1924 quanti

670 1949 859 2023 retinerent
894 1948 958 2047 qui
989 1948 1092 2023 hodie
1124 1947 1403 2025 reomtiesimam
1434 1946 1549 2035 illam,
1585 1968 1693 2044 quam
1727 1952 1869 2033 mount,
1903 1944 2115 2045 theologiam
2136 1969 2209 2025 rm·

671 2069 890 2169 plectarum,
925 2092 1029 2144 nemo
1062 2068 1161 2145 leoile
1196 2076 1338 2167 propter
1370 2088 1503 2166 paueoe
1529 2088 1658 2141 naevoa
1678 2065 1716 2139 in
1739 2063 2041 2164 reprehensionem
2064 2088 2124 2141 eoe
2141 2064 2208 2145 ad·

671 2188 824 2265 duoeret.
875 2190 925 2265 At
957 2190 1160 2289 negandum
1192 2197 1265 2278 est,
1300 2188 1378 2262 illue
1409 2186 1571 2262 eumdem
1591 2186 1698 2285 sequi
1719 2183 1832 2274 riom,
1857 2209 1928 2285 qua
1951 2190 2210 2284 praeminet

669 2306 910 2408 genemtienea
944 2306 1224 2383 Christianorum
1257 2305 1484 2405 entiqrrioreu
1534 2306 1617 2380 Non
1652 2312 1792 2403 petrum
1816 2304 2015 2393 llooleeiae,
2049 2305 2112 2381 eed
2128 2304 2209 2383 noli·

671 2427 785 2529 gionie
819 2426 1037 2502 Christianae
1060 2425 1337 2502 adversariorum
1361 2424 1509 2525 vestigia
1534 2425 1677 2525 legunt:
1710 2448 1837 2514 eamr,
1862 2448 2085 2515 nonenran,
2108 2425 2209 2503 Deia-

562 2616 564 2620 .
670 2554 787 2623 turum
818 2573 854 2645 q.
875 2546 910 2622 d.
940 2546 1194 2646 Anglioorum,
1228 2568 1409 2621 voonenrr
1442 2545 1642 2645 exemplum
1677 2544 1884 2634 imitantur,
1918 2544 1984 2621 hoo
2005 2568 2078 2622 uno
2101 2544 2147 2621 ab
2165 2544 2210 2624 iit

671 2666 925 2767 dieerepantea,
951 2667 1048 2766 quod
1068 2666 1299 2741 nihilominus
1320 2666 1522 2741 Chriatiano
1544 2664 1687 2740 nomine
1707 2689 1783 2741 eene
1804 2664 2045 2743 oondeoorant.

651 2814 655 2824 ·
715 2790 837 2867 Quem
867 2786 1001 2862 lubrioe
1029 2788 1075 2861 eit
1099 2794 1174 2861 tote
1199 2788 1285 2863 haee
1312 2786 1408 2861 inter
1433 2785 1614 2861 materiam
1640 2793 1678 2860 et
1701 2784 1853 2861 formem
1879 2785 2077 2874 dietinutio,
2099 2783 2208 2862 nami·

668 2930 751 2983 nem
774 2907 948 2982 Vestrum
981 2907 1077 2985 lutet.
1129 2910 1232 2986 Quee
1265 2906 1369 2981 nobie
1404 2906 1610 3006 gravieqima
1639 2904 1822 2995 videntur,
1847 2929 1889 2981 ea
1908 2905 1955 2981 ed
1978 2902 2210 2981 aubetantian

669 3028 818 3116 relerre,
854 3026 989 3125 relique
1026 3026 1157 3126 quippe
1195 3026 1340 3101 minoeia
1375 3025 1546 3102 momenti
1579 3025 1799 3127 eiugulorum
1833 3024 1974 3102 arbitrio
2007 3024 2210 3125 permittere

668 3146 834 3222 eolemue.
886 3146 986 3220 Idem
1013 3145 1110 3246 quod
1132 3146 1304 3247 theologie
1327 3147 1505 3222 hodiernis
1526 3146 1698 3237 heaterui,
1723 3146 1895 3222 hesternis
1911 3145 2075 3244 mtiquee
2090 3144 2208 3220 erue

670 3265 795 3342 dmiee
828 3265 981 3342 viodime
1012 3266 1247 3369 exprobrent,
1283 3267 1444 3367 quamvis
1466 3267 1674 3367 perhibeant
1696 3266 1747 3341 illi
1770 3291 1808 3343 m
1831 3268 1869 3342 in
1891 3266 1942 3342 rei
1965 3289 2105 3342 eorunm
2127 3288 2210 3342 oum

671 3385 828 3462 doctrine
858 3384 903 3460 eb
937 3385 1092 3461 Eooleeia
1124 3385 1256 3461 eeneito
1277 3384 1491 3474 eonvenite.
1524 3386 1562 3461 in
1587 3385 1773 3462 lerieeimie
1800 3394 1941 3464 tantum
1962 3387 2009 3462 ub
2033 3411 2076 3462 ea
2101 3385 2208 3460 diem·

670 3505 808 3580 denter.
859 3505 950 3596 Sed,
980 3531 1066 3606 age,
1099 3505 1285 3582 audiemus
1312 3505 1571 3582 reoentieaimae
1595 3505 1791 3607 theologie
1811 3505 2050 3584 advenerim
2065 3527 2209 3582 ¹caueant

674 3649 774 3700 auem
799 3625 995 3700 dieentem!

723 3746 768 3818 In
791 3744 913 3843 queve
939 3725 1201 3844 usqunreon‘e,
1226 3745 1367 3845 nque,
1392 3769 1483 3846 que
1507 3771 1530 3822 e
1554 3746 1716 3846 plurium
1742 3748 1943 3848 wagner,
1965 3753 2010 3822 ut
2027 3745 2082 3822 ..e
2104 3746 2209 3820 ene

670 3883 779 3940 euum
805 3863 949 3963 perduoi
966 3864 1081 3964 poesit
1107 3865 1177 3938 duo
1198 3865 1424 3964 potissimum
1450 3865 1698 3965 requiruntur:
1728 3867 1899 3957 alterum,
1924 3876 1967 3942 ut
1987 3865 2036 3944 de
2054 3863 2209 3942 fontrhoe

670 3990 812 4060 asoonetet
846 3982 939 4058 unde
970 3983 1021 4058 rei
1051 3983 1203 4084 cognitio
1237 3985 1429 4061 haurienda
1450 3993 1521 4075 eat3
1551 3985 1723 4080 alterum,
1748 3995 1790 4062 ut
1815 3987 1861 4063 de
1883 3985 1955 4076 rei,
1979 4009 2071 4087 quae
2085 3981 2208 4082 euplo·

670 4111 793 4194 ratur,
816 4111 943 4180 notura
963 4105 1122 4179 univerae
1149 4113 1304 4204 apeolete
1327 4128 1449 4179 omnes
1474 4105 1569 4180 idem
1594 4106 1757 4182 sentiant
1808 4109 1888 4182 Iam
1915 4130 1998 4182 vero
2014 4103 2083 4205 qui
2105 4109 2211 4179 mee

673 4223 912 4322 dogmaticum
946 4223 1181 4299 Christianum
1213 4234 1469 4324 exposuerunt,
1504 4225 1643 4325 seriptis
1672 4225 1717 4302 V.
1736 4233 1776 4303 et
1804 4227 1852 4302 N.
1877 4224 2044 4302 Foederie
2065 4223 2209 4300 eedem

680 4349 806 4430 tarem,
837 4342 996 4441 religioni
1027 4351 1145 4418 autem
1172 4342 1389 4420 Christianae
1410 4351 1467 4434 et,
1499 4369 1649 4445 quaeum
1673 4346 1864 4422 aretinime
1890 4345 2075 4434 oohaeret,
2096 4344 2210 4418 Iamd-

680 4459 795 4534 litieae
819 4461 981 4560 erepturum
1006 4463 1154 4536 divinum
1177 4463 1223 4536 ed
1247 4486 1359 4538 unum
1378 4487 1500 4539 omnes
1521 4463 1730 4542 tribuerunt.
1778 4466 1958 4542 Neutrum
1978 4465 2016 4540 in
2038 4459 2214 4561 theologia

673 4579 919 4656 neeentirsime
952 4588 1119 4680 superest.
1170 4581 1287 4656 Libris
1320 4590 1357 4658 et
1388 4581 1600 4658 Iudaeorum
1636 4593 1674 4658 et
1709 4583 1989 4662 ulmumomm
2017 4580 2126 4658 mem
2150 4602 2212 4655 eu·

675 4699 897 4789 ²otoritetem,
919 4701 1056 4801 proprie
1073 4701 1126 4776 eie
1147 4701 1297 4790 dietum,
1322 4701 1496 4802 denegent
1516 4725 1676 4793 umnam
1699 4703 1909 4806 penliarem
1922 4702 2013 4780 dein
2032 4698 2214 4777 revelatio-

683 4843 789 4909 nem,
822 4843 912 4919 quae
942 4819 1104 4896 unetos
1138 4844 1200 4922 per
1229 4843 1353 4897 noenu
1377 4829 1415 4896 et
1438 4821 1647 4923 prophetes,
1667 4824 1835 4902 mainerio
1859 4831 1979 4903 antem
2003 4821 2130 4924 paeri
2147 4819 2216 4898 len·
2247 4918 2255 4934 ὓ
