4967 6175
674 651 718 723 32
1267 646 1306 715 Α.
1349 648 1606 716 KUENEN

673 860 783 950 edita;
813 882 903 958 quae
925 855 1172 958 geographiam
1197 854 1390 946 illustrant,
1415 855 1607 933 industriae
1632 862 1669 931 et
1692 857 1965 957 perseverantiae
1994 858 2203 937 documenta

672 980 831 1081 egregia,
862 978 908 1053 ad
940 983 1133 1053 accuratam
1165 970 1320 1053 Orientis
1347 976 1579 1077 cognitionem
1613 976 1820 1068 utilissima,
1846 978 2025 1056 annalium
2050 978 2203 1080 deniqne

674 1102 984 1177 sach-arannem
1004 1096 1211 1187 editionem,
1237 1122 1342 1197 qnam
1365 1098 1554 1197 quominus
1572 1098 1618 1173 ad
1638 1099 1746 1173 linem
1767 1099 1972 1198 perduceret
1993 1122 2085 1174 mors
2102 1124 2202 1199 prae·

670 1227 808 1297 matura
840 1218 1029 1317 prohibuit.
1089 1217 1197 1293 Hisce
1230 1218 1659 1295 laboribus-exantlandis
1692 1219 1849 1294 intentus
1873 1227 2011 1295 tantum
2037 1220 2136 1294 abest
2160 1227 2202 1295 ut

670 1340 805 1417 codices
833 1339 1105 1438 manuscriptos,
1136 1338 1199 1437 qui
1233 1338 1271 1412 in
1303 1338 1523 1413 Bibliotheca
1546 1338 1755 1414 Academica
1778 1345 1978 1429 servantur,
2003 1340 2201 1439 interpretis

671 1484 774 1536 curae
796 1459 998 1547 mandatos,
1023 1458 1233 1557 negligeret,
1261 1465 1300 1533 ut
1325 1481 1498 1533 summam
1524 1458 1641 1557 potius
1664 1458 1701 1534 in
1725 1482 1845 1533 eorum
1869 1483 2015 1534 numero
2039 1460 2200 1561 augendo

674 1578 890 1679 diligentiam
922 1578 1109 1653 adhiberet.
1170 1578 1300 1668 Quanti
1323 1577 1451 1653 iaceret
1474 1579 1563 1653 hanc
1588 1576 1842 1653 Bibliothecam
1866 1578 1941 1678 ipse
1964 1579 2121 1655 elocutus
2147 1587 2201 1655 est

671 1700 708 1774 in
739 1698 910 1784 oratione,
940 1721 1046 1797 quam
1069 1705 1150 1773 anta
1182 1697 1245 1772 hos
1267 1706 1345 1773 octo
1368 1722 1478 1773 annos
1502 1699 1546 1774 de
1567 1697 1775 1797 magistratu
1795 1697 2005 1773 Academico
2029 1699 2200 1776 decedens

671 1817 814 1905 babuit,
840 1817 902 1891 sad
923 1817 1035 1891 multo
1057 1816 1183 1891 clarius
1203 1816 1304 1891 lactis
1325 1815 1488 1892 ostendit.
1526 1816 1682 1917 Catalogi
1702 1816 1796 1892 enim
1817 1817 2005 1893 editionem
2026 1844 2089 1918 pro
2111 1820 2202 1895 virili

669 1944 769 2037 parte
805 1934 1006 2023 maturavit3
1041 1959 1160 2011 eornm
1195 1959 1317 2036 porro,
1350 1937 1412 2035 qui
1445 1936 1500 2011 his
1524 1936 1621 2012 libris
1645 1937 1697 2011 uti
1721 1937 1901 2027 volebant,
1927 1938 2097 2014 desiderio
2118 1965 2201 2016 cnm

671 2078 798 2155 magno
831 2078 933 2152 saepe
966 2054 1130 2156 temporis
1164 2056 1373 2131 detrimento
1404 2055 1598 2132 satisfacere
1627 2056 1770 2133 solebat.
1819 2060 2001 2135 Praeterea
2022 2059 2200 2159 discipulis

672 2174 744 2249 suis
770 2174 994 2249 instituendis
1018 2174 1207 2273 plurimum
1234 2176 1362 2251 laboris
1383 2200 1556 2275 curaeque
1582 2176 1765 2276 impendit.
1815 2178 1946 2269 Quodsi
1972 2179 2073 2254 variis
2092 2203 2198 2279 nego·

668 2294 727 2369 tiis
761 2294 950 2395 implicitus
982 2296 1018 2369 in
1048 2295 1172 2371 scholis
1203 2294 1343 2395 publice
1360 2290 1543 2370 'habendis
1574 2296 1821 2395 acquievisset,
1846 2321 1950 2373 nemo
1974 2323 2056 2374 sane
2078 2298 2142 2373 hoc
2166 2298 2201 2372 ei

666 2414 750 2489 vitio
772 2423 905 2489 vertere
929 2422 1073 2516 poterat.
1123 2417 1173 2491 At
1193 2418 1297 2515 longe
1319 2415 1418 2490 aliter
1441 2415 1595 2491 muneris
1617 2416 1673 2491 sui
1697 2416 1809 2493 officia
1831 2416 2001 2492 intellexit
2025 2426 2061 2493 et
2083 2416 2198 2517 exple·

669 2534 728 2609 rit.
781 2533 848 2608 Vix
879 2535 915 2608 in
947 2534 1145 2611 auditorum
1180 2560 1323 2611 suorum
1355 2559 1501 2611 numero
1533 2560 1645 2611 mum
1676 2538 1866 2613 alterumve
1891 2536 2199 2625 animadverterat,

670 2654 732 2752 qni
754 2678 775 2729 a
797 2654 992 2731 literarum
1013 2656 1244 2731 Orientalium
1265 2656 1384 2733 studio
1408 2657 1503 2733 haud
1521 2682 1663 2757 prorsus
1682 2666 1773 2733 asset
1791 2657 1940 2747 ahenos,
1965 2680 2076 2754 quum
2097 2655 2199 2730 illum

670 2774 860 2864 excitabat,
885 2777 922 2850 in
944 2775 1213 2853 familiaritatem
1237 2801 1337 2853 suam
1358 2777 1581 2869 admittebat,
1606 2778 1803 2856 studiorum
1825 2778 1951 2854 ducem
1976 2782 2013 2850 et
2035 2774 2200 2851 comitem

670 2916 706 2969 aa
733 2894 767 2968 ei
793 2895 968 2972 offerebat.
1028 2898 1084 2973 Ita
1111 2898 1256 2997 quidem
1284 2898 1360 2972 fieri
1382 2898 1438 2972 vir
1463 2899 1598 2998 potuit,
1623 2902 1710 2995 quin
1733 2897 1892 2973 nonnulli
1915 2899 1952 2971 in
1978 2895 2070 2970 illius
2097 2893 2198 2969 disci·

667 3012 798 3111 plinam
825 3038 861 3085 se
885 3014 1081 3101 traderent,
1106 3016 1168 3112 qui
1197 3015 1306 3090 satius
1331 3016 1504 3114 egissent,
1530 3016 1560 3087 si
1579 3015 1671 3090 intra
1694 3016 1857 3090 arctiores
1879 3016 1967 3089 lines
1993 3037 2068 3087 sese
2089 3012 2199 3087 conti·

667 3130 843 3217 nuissent;
870 3130 925 3203 his
949 3154 1027 3204 vero
1052 3155 1134 3206 mon
1159 3131 1330 3206 deterritis
1352 3132 1411 3206 alii
1432 3141 1654 3231 supererant,
1679 3132 1741 3231 qui
1764 3131 1909 3206 ulterius
1932 3131 2103 3231 progressi
2122 3156 2200 3230 spe·

670 3248 877 3338 ciminibus,
903 3272 1125 3326 1uruaonn10
1150 3251 1290 3350 auspice
1312 3276 1334 3326 a
1356 3276 1394 3327 se
1419 3251 1541 3342 editis,
1566 3251 1674 3327 literis
1693 3250 1856 3352 prodesse
1878 3255 2082 3351 potnerunt.
2132 3249 2201 3341 Qui

671 3393 824 3469 aequum
857 3371 902 3445 de
933 3372 1098 3471 magistro
1128 3371 1299 3446 iudicium
1328 3371 1416 3447 ferre
1442 3374 1560 3472 cupit,
1583 3372 1615 3448 is
1638 3370 1827 3472 discipulos
1848 3371 1971 3460 adeat,
1996 3394 2084 3469 quos
2106 3368 2200 3444 hunc

655 3491 708 3565 'in
731 3491 876 3566 modum
901 3491 969 3566 sibi
994 3493 1158 3569 devinxit.
1209 3493 1290 3568 Uno
1314 3518 1372 3568 ore
1397 3491 1640 3582 testabuntur,
1664 3491 1752 3569 nihil
1774 3513 1997 3568 rnruaonnro
2020 3489 2201 3589 antiquius

673 3607 780 3683 fuisse
801 3634 906 3707 quam
934 3617 974 3684 ut
997 3611 1245 3710 discipulorum
1268 3610 1385 3685 studia
1404 3611 1582 3686 adiuvaret
1603 3620 1639 3688 et
1658 3611 1848 3688 commodis
1868 3610 2094 3713 prospiceret,
2120 3608 2198 3684 nul·

671 3728 745 3804 lum
769 3751 937 3827 umquam
962 3754 1044 3806 eum
1065 3729 1229 3805 abnuisse
1251 3730 1424 3819 laborem,
1449 3731 1585 3830 quoties
1611 3732 1765 3832 ipsorum
1791 3739 1827 3805 et
1850 3730 2046 3806 Literarum
2076 3727 2200 3803 Orien·

669 3849 793 3924 talium
826 3873 880 3924 res
910 3856 1087 3948 ageretur3
1113 3874 1182 3924 non
1208 3859 1463 3950 praeceptorem
1492 3858 1649 3941 tantum,
1675 3851 1737 3927 sed
1761 3851 1913 3926 amicum
1937 3850 2042 3925 etiarn
2066 3855 2200 3922 certum

671 3991 752 4043 enm
778 3993 815 4044 se
837 3969 1059 4068 praestitisse.

721 4088 842 4189 Usque
872 4090 919 4165 ad
953 4089 1042 4164 vitae
1075 4088 1208 4164 exitum
1231 4089 1268 4163 in
1294 4113 1436 4165 munere
1462 4115 1527 4165 sno
1549 4090 1598 4165 sie
1622 4089 1785 4165 obeundo
1806 4087 2051 4189 perseverarit,
2076 4109 2200 4185 quam·

675 4233 781 4307 quam
802 4209 939 4310 saepius
962 4208 1228 4285 conflictabatur
1251 4211 1402 4310 eorporis
1424 4209 1626 4300 debilitate,
1661 4234 1767 4309 quam
1791 4209 1947 4284 continui
1969 4207 2103 4284 labores
2127 4206 2202 4281 sine

674 4326 782 4402 dubio
816 4329 1003 4426 augebant.
1062 4329 1130 4402 Per
1162 4329 1305 4404 ultimos
1333 4331 1424 4406 ritae
1455 4354 1539 4405 suae
1567 4353 1725 4418 menses,
1757 4353 1846 4428 quos
1870 4329 1907 4404 in
1932 4328 2006 4404 rico
2028 4324 2202 4403 maritimo

676 4446 938 4547 Scheveningen
973 4447 1092 4548 degit,
1131 4447 1254 4522 maiori
1293 4448 1344 4522 illi
1382 4450 1478 4547 operi
1512 4448 1763 4549 geographico,
1802 4448 1897 4547 quod
1931 4446 2077 4535 edebat,
2118 4467 2200 4518 con-

673 4563 843 4642 tinuando
867 4566 1023 4641 intentus
1045 4574 1129 4642 erat.
1181 4567 1271 4642 ilinc
1292 4591 1372 4642 vero
1392 4569 1429 4643 in
1451 4569 1626 4645 civitatem
1649 4576 1802 4644 nostram
1823 4591 1979 4644 reversus
1997 4563 2203 4666 grarimimo

674 4685 796 4761 morbo
819 4693 997 4786 correptus
1022 4693 1097 4774 est,
1123 4685 1180 4761 cui
1203 4685 1261 4760 die
1282 4690 1357 4761 16ῡο
1378 4712 1426 4763 m.
1448 4688 1661 4790 Septembris
1682 4687 1876 4764 succubuit.
1927 4685 2031 4763 Hanc
2047 4683 2200 4770 cladem,

676 4829 766 4904 quae
799 4804 942 4880 domum
975 4805 1051 4880 eins
1082 4805 1251 4904 perculit,
1285 4829 1367 4880 mox
1401 4805 1487 4882 alias
1511 4830 1639 4907 easque
1663 4806 1884 4907 gravissimas
1911 4813 2046 4883 secutas
2073 4802 2201 4891 fuisse,
