4967 6175
900 669 1180 738 ORATIO.
1760 670 1803 735 17

277 878 393 954 hibuit
411 876 629 951 Reformatos
652 875 844 964 sententia,
869 900 974 975 quam
996 877 1040 951 da
1064 877 1345 979 interpretatione
1366 877 1592 978 grammatica
1612 873 1796 963 tenebant,

276 998 461 1099 quominus
492 1018 748 1069 casranrouau
782 996 923 1069 Genera
955 996 1141 1094 pellerent,
1174 999 1375 1097 allegoricae
1410 997 1546 1072 Cantici
1584 995 1796 1071 canticorum

275 1116 511 1217 explicationis
543 1115 786 1190 adversarium.
846 1116 1027 1191 Praeterea
1059 1116 1103 1191 de
1132 1142 1303 1192 consensu
1332 1117 1499 1192 librorum
1530 1115 1798 1215 symbolicorum

275 1248 357 1313 cum
385 1236 540 1311 doctrina
570 1232 697 1309 biblion
726 1242 799 1309 tam
835 1234 980 1310 firmiter
1014 1237 1180 1311 omuibus
1207 1261 1413 1337 persuasum
1438 1244 1531 1323 erat,
1556 1244 1597 1309 nt
1623 1236 1676 1309 vel
1701 1234 1802 1308 inscii

275 1357 313 1433 in
345 1358 409 1431 hae
442 1354 682 1454 investiganda
711 1355 848 1429 illorum
880 1355 1037 1453 exemplo
1064 1357 1190 1431 abduci
1212 1382 1250 1431 se
1276 1363 1485 1456 paterentur.
1537 1354 1634 1432 Quin
1661 1380 1702 1428 eo
1723 1379 1800 1453 pro-

275 1477 380 1553 cessit
411 1475 655 1549 nonnullorum
689 1473 878 1563 dementia,
915 1482 955 1548 ut
990 1474 1126 1574 singula
1153 1475 1328 1550 doctrinae
1352 1474 1599 1551 ecclesiasticae
1626 1473 1740 1572 capita
1762 1474 1799 1545 in

277 1594 494 1695 paucissimis
514 1601 693 1669 auctorum
719 1618 892 1668 sacrorum
916 1593 1029 1668 verbis
1054 1596 1201 1694 reperire
1223 1596 1290 1669 sibi
1312 1594 1509 1670 viderentur
1531 1602 1567 1668 et
1597 1618 1717 1668 aaran
1739 1603 1802 1667 aut

278 1737 532 1789 nursaanrnaa
562 1712 771 1811 theologiam
797 1714 1003 1801 conderent,
1034 1738 1114 1787 cum
1145 1715 1227 1789 fidei
1259 1708 1472 1790 confessione
1495 1714 1704 1813 Angustaua
1725 1721 1802 1786 tan·

278 1842 354 1909 tum
387 1858 456 1907 non
486 1833 521 1907 in
549 1832 712 1906 omnibus
742 1832 1006 1930 conspirantem.
1067 1832 1117 1905 Ut
1140 1834 1260 1931 paucis
1284 1858 1356 1907 rem
1385 1832 1609 1931 complectar:
1638 1832 1803 1905 sinuum

277 1953 467 2051 excipimus
503 1958 682 2027 schonau
714 1974 900 2039 oaomnu,
936 1952 1047 2025 virum
1078 1976 1256 2025 summum
1281 1953 1344 2026 sed
1369 1952 1569 2026 orthodoxis
1598 1950 1804 2048 neutiquam

277 2070 598 2160 annumerandum,
623 2071 735 2145 defuit
757 2072 846 2144 inter
867 2070 1101 2145 Protestantes
1126 2072 1171 2145 ad
1195 2072 1350 2145 seculum
1370 2071 1529 2170 superius
1552 2070 1622 2143 fere
1651 2070 1805 2143 medium

277 2192 515 2290 interpretatio
545 2191 715 2267 historica.
776 2190 1079 2264 Oblivisoebentur
1102 2192 1163 2288 qui
1187 2190 1284 2265 libris
1309 2190 1413 2265 sacris
1434 2189 1805 2289 interpretandisopa·

277 2334 351 2385 ram
381 2310 532 2399 dabant,
558 2310 685 2410 scripta
710 2311 757 2384 N.
781 2309 964 2397 Foederis,
990 2335 1034 2384 ne
1059 2310 1103 2384 de
1132 2310 1256 2384 Vetere
1279 2335 1372 2385 nunc
1393 2304 1526 2398 dicam,
1552 2320 1633 2386 ante
1657 2310 1805 2383 sedecim

278 2429 393 2505 secula
425 2430 532 2505 fuisse
563 2442 649 2505 orta.
702 2429 837 2504 Aetatis
863 2455 933 2528 qua
957 2430 1112 2505 vixerant
1137 2431 1316 2530 Apostoli,
1341 2430 1485 2529 originis
1514 2455 1633 2505 eorum
1660 2441 1809 2527 egente

276 2551 436 2639 Iudaica,
462 2549 698 2649 philosophiae
719 2558 755 2624 et
777 2549 990 2649 theologiae,
1017 2550 1146 2648 quibus
1165 2552 1215 2625 illi
1233 2550 1364 2625 addicti
1385 2550 1542 2639 fuerant,
1568 2550 1807 2637 immemores,

276 2670 313 2745 in
350 2695 432 2744 suos
462 2695 556 2745 usus·
584 2668 847 2755 convertebant,
880 2669 988 2743 immo
1024 2669 1300 2769 contorquebant
1333 2670 1459 2744 omnia.
1509 2671 1578 2744 Per
1607 2693 1806 2744 scurtaaou

278 2790 420 2865 demum
454 2791 614 2864 effectum
648 2798 701 2862 est
734 2796 774 2861 ut
800 2788 914 2861 sanior
936 2789 1064 2863 sensim
1090 2788 1274 2862 invaluerit
1298 2789 1545 2886 interpretatio.
1596 2791 1699 2867 Quae
1720 2814 1807 2887 quo·

277 2910 344 2983 ties
377 2908 583 2983 ostendebat
611 2916 768 2981 auctores
799 2908 846 2981 N.
876 2907 1039 2980 Foederis
1072 2907 1252 3006 opiniones
1287 2918 1422 2981 secutos
1453 2908 1579 2995 luisse,
1617 2932 1706 3006 quae
1738 2907 1807 2979 iarn

276 3029 395 3104 minus
425 3026 620 3125 probabiles
650 3024 865 3113 viderentur,
901 3024 940 3098 id
964 3024 1014 3098 ita
1041 3049 1121 3098 cnm
1148 3049 1268 3100 eorum
1289 3017 1498 3099 'securitate
1523 3025 1561 3097 in
1587 3025 1805 3098 concordiam

276 3147 520 3245 redigebatur,
561 3153 602 3218 ut
630 3145 675 3219 ad
705 3144 902 3243 aequalium
931 3167 1073 3218 suorum
1098 3169 1227 3218 errores
1255 3170 1329 3219 sese
1354 3143 1632 3218 accommodasse
1655 3145 1809 3219 diceren-

277 3275 344 3341 tur.
396 3264 467 3338 Sed
499 3263 588 3338 hanc
619 3288 759 3363 qnoque
794 3263 961 3338 theoriam
998 3264 1072 3338 iure
1109 3264 1301 3362 meritoque
1334 3279 1471 3338 nostrae
1505 3263 1628 3338 aetatis
1656 3264 1809 3363 theologi

278 3387 420 3460 missam
439 3385 605 3472 lecerunt.
655 3385 813 3458 Tandem
837 3383 945 3483 igitur
971 3409 1013 3458 eo
1039 3393 1244 3484 perventum
1265 3391 1336 3470 est,
1363 3391 1402 3456 ut
1424 3381 1518 3481 qnod
1539 3382 1606 3481 ipsi
1625 3384 1806 3482 scriptores

278 3505 516 3603 cogitaverunt
536 3504 573 3578 id
599 3527 662 3577 nos
684 3504 868 3603 cogitando
892 3504 1101 3592 recolamus,
1127 3505 1214 3579 nihil
1240 3505 1284 3578 de
1309 3512 1427 3578 nostro
1451 3503 1691 3578 admiscentes.
1731 3502 1806 3582 Qui

280 3649 358 3698 vero
381 3648 423 3698 eo
445 3632 674 3722 pervenerunt
695 3624 900 3722 interpretes
921 3623 1114 3699 Literarum
1139 3625 1319 3704 Sacrorum
1340 3619 1806 3722 auctoritatem'aguoscere,

281 3742 416 3817 etiamsi
440 3743 584 3830 vellent,
606 3742 703 3817 nullo
725 3744 828 3817 modo
849 3751 1006 3842 possunt.
1041 3744 1148 3822 Quod
1170 3743 1264 3818 enim
1284 3753 1386 3817 antea
1405 3767 1461 3816 me
1482 3740 1621 3817 monere
1644 3743 1806 3817 memini:

279 3871 417 3939 tuntum
441 3861 706 3962 deprehendunt
726 3863 930 3961 scriptorum
949 3863 1166 3950 dissensum,
1195 3870 1233 3936 ut
1256 3871 1330 3935 rata
1346 3861 1473 3936 babere
1498 3862 1647 3962 quaein
1670 3873 1804 3937 contra·

279 3981 365 4060 riam
388 3995 522 4080 partem
551 3983 774 4081 disputantur
798 3990 981 4080 nequeant.
1032 3983 1107 4055 Nec
1130 3981 1257 4054 desunt
1276 3981 1312 4054 in
1334 3981 1445 4069 Novi,
1465 3981 1596 4055 nedum
1611 3982 1647 4055 in
1668 3981 1804 4057 Veteris

279 4101 442 4176 Foederis
470 4101 567 4176 libris
598 4101 721 4188 effata,
755 4126 843 4200 quae
873 4102 1059 4200 quominus
1083 4109 1199 4175 nostra
1218 4093 1386 4175 faciamus
1410 4101 1632 4199 gravissimae
1653 4103 1803 4175 rationes

280 4221 475 4320 prohibent.
524 4222 667 4296 Frustra
689 4221 882 4296 liberiorem
903 4221 990 4295 hanc
1010 4220 1181 4295 sentiendi
1204 4220 1392 4307 rationem,
1416 4220 1607 4293 necessmo
1628 4231 1802 4311 exortam,

282 4364 324 4414 ax
357 4349 514 4439 proterva
549 4341 655 4415 seculi
686 4341 847 4440 snperbia
871 4341 1040 4440 explicare
1064 4348 1242 4414 conantur.
1293 4337 1367 4417 Qui
1389 4338 1434 4413 ab
1458 4337 1633 4414 hodiernis
1656 4340 1803 4415 homini·

280 4459 349 4535 bus
377 4460 574 4560 postulant,
606 4469 667 4550 ut,
702 4461 902 4536 severiorem
939 4485 1036 4535 suam
1067 4458 1318 4557 interpretandi
1342 4458 1546 4534 methodum
1568 4461 1697 4549 secuti,
1722 4461 1804 4536 sori·

281 4587 421 4681 ptorum
453 4588 626 4670 mantem,
652 4581 700 4656 sio
723 4581 950 4680 exploratam,
965 4580 1084 4654 divini
1109 4580 1218 4655 instar
1241 4578 1370 4654 oraculi
1395 4577 1561 4668 habeant,
1586 4579 1709 4679 iugum
1736 4581 1805 4655 illis
1886 4647 1889 4652 .

281 4699 468 4798 imponunt
493 4698 616 4774 durius
647 4725 753 4799 quam
777 4701 873 4799 quod
898 4700 978 4775 lerri
1002 4700 1121 4800 possit.
1172 4698 1316 4775 Veteres
1341 4698 1435 4772 enim
1459 4699 1578 4798 etqui
1602 4700 1802 4775 etiamnunc

284 4818 442 4894 eamdem
474 4818 724 4918 interpretandi
759 4818 932 4895 licentiam
967 4818 1154 4907 adhibent,
1188 4818 1351 4918 dogmata
1384 4843 1446 4895 sua
1476 4818 1513 4892 in
1544 4819 1649 4896 Sacro
1677 4819 1806 4932 Codice

1591 4939 1615 5010 a
