4967 6175
673 672 716 742 36
1061 620 1067 631 ί
1269 674 1307 742 Α.
1349 672 1607 739 KUENEN

670 879 911 981 perfunderet,
945 876 1075 977 quibus
1105 878 1176 954 sive
1197 903 1281 955 cum
1308 879 1541 955 Universitote
1564 878 1908 977 LugdunoBatovo,
1934 876 2005 951 sive
2028 898 2112 950 cum
2135 876 2199 950 Iu·

673 997 906 1098 risprudentia
931 997 1031 1073 docte
1054 998 1190 1075 exculta
1213 998 1329 1099 eliqua
1352 999 1544 1075 intercedat
1564 997 1792 1073 necessitudo.
1825 978 2198 1070 Neminem'vestrum

673 1118 775 1205 lutet,
801 1116 891 1191 Clsr.
923 1140 971 1190 nn
990 1140 1073 1192 wau
1096 1117 1239 1192 adversa
1263 1118 1460 1193 valetudine
1487 1118 1722 1218 prohibitum,
1755 1116 1942 1215 quominus
1966 1136 2110 1189 munere
2135 1138 2201 1189 suo

674 1237 883 1313 Academico
913 1237 1015 1312 sicuti
1038 1237 1112 1336 ipse
1135 1238 1236 1313 vellet
1265 1239 1489 1338 fungeretur,
1513 1238 1699 1314 abdicandi
1719 1236 1904 1312 consilium
1928 1234 2057 1309 iniisse.
2103 1235 2200 1324 Quae

677 1381 732 1431 res
755 1370 794 1430 ut
817 1356 988 1445 innotuit,
1014 1358 1165 1433 Senatus
1186 1358 1417 1435 Academicus
1441 1384 1511 1434 uno
1532 1382 1704 1434 consensu
1722 1357 1760 1431 in
1782 1356 1848 1431 hoo
1871 1354 2015 1431 consilio
2035 1376 2105 1428 non
2123 1376 2200 1426 esso

675 1475 965 1573 acquiescendum
995 1476 1150 1565 censuit,
1182 1501 1293 1575 quum
1330 1477 1529 1575 praesertim
1557 1476 1748 1551 Clarissimi
1763 1476 1801 1550 in
1828 1474 1961 1550 Ordine
1987 1471 2199 1548 lnreconsul·

674 1602 788 1669 torum
813 1597 1077 1683 Antecessores,
1103 1620 1173 1693 quo
1201 1604 1284 1670 sunt
1308 1619 1391 1695 erga
1414 1597 1581 1696 collegam
1603 1594 1926 1671 coniunctissimum
1950 1592 2086 1681 animo,
2110 1590 2201 1667 vices

675 1712 750 1788 eius
784 1713 829 1788 ad
863 1722 1002 1812 tempus
1036 1714 1206 1789 sustinere
1238 1717 1350 1814 parati
1385 1725 1511 1792 essent.
1562 1716 1696 1815 Regem
1732 1714 1841 1813 igitur
1873 1713 2000 1812 scripto
2026 1710 2113 1785 adiit
2141 1733 2201 1808 pe·

675 1832 818 1931 tiitque,
853 1840 892 1906 ut
919 1833 1118 1907 Clarissimo
1151 1858 1199 1908 nn
1221 1858 1303 1909 wan
1324 1833 1392 1907 frui
1417 1835 1508 1923 otio,
1533 1858 1603 1933 quo
1625 1832 1670 1908 ad
1692 1832 1942 1908 restituendam
1968 1828 2203 1904 valetudinem

676 1951 868 2050 indigeret,
900 1951 980 2024 dein
1006 1952 1074 2026 buc
1097 1952 1207 2027 redire
1234 1960 1270 2025 et
1294 1953 1504 2051 provinciam
1531 1953 1646 2028 denuo
1671 1951 1767 2027 obire
1790 1950 1917 2025 liceret.
1966 1948 2043 2022 Nec
2068 1970 2202 2034 vereor,

678 2070 776 2145 Ant
803 2095 846 2144 ne
868 2070 915 2143 sit
939 2070 975 2144 in
997 2069 1121 2145 Vestro
1148 2095 1293 2145 numero
1314 2071 1375 2170 qui
1397 2073 1460 2147 bac
1483 2072 1527 2146 de
1547 2096 1586 2145 re
1605 2096 1627 2145 a
1645 2070 1746 2144 nobis
1763 2068 1956 2143 dissentiat.
1986 2067 2204 2165 Quapropter

679 2189 902 2263 sollicitudini
920 2197 1057 2263 nostrae
1078 2213 1122 2263 ne
1142 2190 1407 2289 indulgeamus!
1432 2191 1534 2281 Quod
1553 2190 1647 2263 enim
1667 2190 1799 2263 malum
1817 2187 2042 2287 deprecamur
2063 2185 2202 2273 cuncti,

678 2306 884 2395 Curatores,
915 2308 1149 2397 Professores,
1186 2310 1362 2397 Studiosi,
1393 2310 1480 2384 illud
1507 2316 1638 2384 avertet
1658 2308 1768 2407 Regis
1791 2305 2044 2406 Angustissimi
2068 2304 2202 2402 sapien·

677 2426 746 2513 tis,
780 2452 849 2523 qua
874 2426 938 2501 hoc
968 2427 1130 2502 effectum
1155 2428 1199 2502 iri
1225 2452 1405 2528 speramus
1431 2436 1468 2503 et
1490 2453 1673 2517 vovemus,
1697 2437 1739 2503 nt
1763 2452 1869 2527 quarn
1894 2427 2047 2526 primum
2069 2425 2205 2523 integer

679 2544 725 2619 ad
747 2568 810 2618 nos
833 2554 1021 2621 revertatur
1050 2546 1113 2621 Vir
1136 2547 1381 2636 Clarissimus,
1416 2572 1496 2623 cum
1517 2548 1618 2623 cuius
1642 2548 1753 2622 salute
1775 2548 1919 2646 antiqua
1945 2545 2051 2620 haim
2069 2545 2203 2620 Acade·

677 2663 768 2738 mine
792 2664 900 2761 gloria
924 2673 1018 2741 erote
1043 2667 1227 2743 coniuncta
1251 2692 1327 2741 esse
1352 2667 1497 2742 videtur.

727 2903 765 2974 ln
786 2902 1004 3003 Amplissimi
1028 2928 1176 2981 nornen
1199 2904 1314 2979 locum
1336 2906 1502 2980 successit
1521 2905 1584 2981 Vir
1599 2905 1847 2980 Nobilissimns
1869 2926 2051 2979 euasurus
2071 2920 2205 2975 mnan·

677 3043 744 3096 nna
778 3044 1000 3096 snnxnnnnn
1035 3024 1162 3097 Comes
1191 3046 1266 3096 vnn
1299 3046 1489 3110 ernanus,
1514 3047 1620 3121 quem
1643 3030 1857 3119 praesentem
1885 3021 1941 3094 bic
1969 3020 2145 3119 adspicere
2168 3026 2206 3093 et

680 3139 829 3212 salutare
853 3139 1144 3212 iucundissimum
1166 3138 1268 3211 nobis
1290 3147 1354 3213 est.
1405 3140 1477 3212 Res
1501 3140 1726 3214 Academicas
1748 3139 1829 3212 Tibi
1852 3137 2115 3224 commendere,
2140 3137 2204 3210 Vir

679 3255 926 3353 Amplissime,
965 3281 1259 3356 supervacaneum
1293 3257 1380 3330 mibi
1414 3258 1558 3333 videtur.
1610 3259 1861 3332 Gravissimum
1897 3256 1992 3331 enim
2027 3256 2205 3354 Curatoris

603 3449 605 3454 .
680 3398 811 3450 munus
831 3401 894 3451 nec
915 3375 994 3450 Tibi
1014 3378 1212 3451 mandasset
1229 3377 1307 3450 Rex
1327 3378 1627 3476 Angustissimus,
1652 3404 1716 3453 nec
1732 3379 1789 3453 Tu
1809 3376 1974 3466 obiisses,
1994 3375 2062 3450 nisi
2076 3397 2205 3473 magno

679 3495 842 3591 flagrares
876 3495 1136 3593 disciplinarum
1169 3504 1204 3570 et
1232 3495 1408 3571 literarum
1431 3521 1567 3586 amore,
1600 3523 1705 3598 quern
1729 3504 1904 3596 praeterea
1925 3496 1962 3569 in
1989 3493 2207 3594 quinquenni

682 3613 758 3686 Tua
783 3613 887 3686 huius
908 3615 1059 3712 regionis
1084 3614 1382 3689 administratione
1407 3617 1580 3692 luculente
1604 3616 1799 3692 ostendisti.
1849 3615 1994 3689 Utinam
2020 3613 2100 3687 Tibi
2121 3636 2202 3686 oon·
2236 3677 2239 3681 ,

682 3733 796 3831 tingat
826 3743 888 3807 tua
921 3758 1060 3832 quoque
1092 3759 1175 3809 cura
1209 3735 1317 3810 huius
1339 3737 1525 3810 Musarum
1547 3737 1638 3812 sedis
1662 3739 1784 3812 florem
1809 3760 1936 3836 angere
1960 3743 2065 3834 atque
2091 3733 2204 3831 splen·

682 3851 819 3926 dorem!
857 3852 1031 3926 Omnibus
1060 3852 1124 3941 iis,
1161 3877 1251 3952 quse
1289 3880 1360 3929 una
1390 3881 1472 3931 oum
1503 3856 1643 3956 collegis
1667 3857 1752 3931 'Puis
1776 3881 1839 3955 pro
1861 3853 2070 3931 Academiae
2093 3851 2205 3926 saluto

563 4041 566 4046 .
686 3980 909 4068 suscepturus
932 3995 990 4060 es,
1016 3971 1185 4071 propitius
1210 3974 1301 4049 adsit
1327 3977 1425 4050 Deus
1450 3977 1615 4075 Optimus
1638 3977 1835 4051 Maximusl

736 4091 901 4188 Reliquos
929 4092 1114 4167 Curatores
1141 4093 1252 4168 salvos
1279 4119 1354 4170 esse
1379 4121 1421 4171 ex
1447 4097 1564 4171 animo
1590 4097 1770 4172 laetamur.
1830 4092 1956 4168 leonis
1984 4089 2206 4165 Neerlandici
2279 4083 2288 4100 ⁰

687 4234 794 4306 eques
821 4221 956 4286 creatus
990 4221 1043 4285 cst
1072 4212 1322 4310 Amplissimos
1358 4237 1513 4289 mnnonu
1538 4237 1776 4289 srnsrnnnnx.
1825 4210 1996 4285 Novimus
2021 4206 2204 4307 equidem,

688 4327 739 4400 vir
769 4327 1049 4418 honoratissime,
1082 4330 1162 4404 libi
1184 4355 1249 4404 nec
1269 4331 1417 4407 civitatis
1438 4333 1544 4407 huius
1570 4332 1736 4420 Consuli,
1760 4355 1874 4430 neque
1900 4327 2108 4405 Academiae
2132 4327 2204 4400 Cu·

683 4447 809 4534 ratori,
835 4447 896 4520 sed
922 4447 997 4520 aliis
1021 4449 1057 4521 in
1086 4448 1190 4523 rebus
1212 4449 1343 4548 optime
1367 4452 1410 4525 de
1432 4452 1608 4550 republica
1631 4451 1754 4525 merito
1773 4449 1838 4525 boc
1859 4448 1992 4547 Regiae
2016 4444 2204 4521 voluntatis

684 4561 933 4637 documentum
967 4563 1163 4662 contigisse.
1215 4565 1292 4662 Nec
1325 4574 1441 4642 tamen
1475 4567 1610 4642 silentio
1639 4568 1728 4642 illud
1752 4568 1855 4643 hodie
1885 4566 2069 4666 praeterire
2096 4562 2204 4637 volui·

684 4704 774 4757 mus.
824 4682 937 4758 Tanta
960 4684 1054 4758 enim
1078 4690 1132 4774 est
1153 4683 1229 4758 Tua
1253 4708 1336 4783 erga
1358 4708 1422 4760 nos
1445 4710 1566 4761 omnes
1588 4687 1804 4777 humanitas,
1828 4682 2204 4770 tenta‘benevolentiu,

685 4809 727 4875 nt
758 4802 929 4902 quidquid
960 4801 1041 4877 'libi
1068 4802 1206 4877 honoris
1229 4804 1389 4893 accedat,
1414 4829 1456 4879 eo
1476 4829 1540 4881 nos
1561 4804 1721 4882 lubenter
1742 4807 1938 4908 gloriemur.
1988 4806 2118 4905 Pergus
2142 4801 2207 4877 diu
